%YAML 1.1
%TAG !u! tag:unity3d.com,2011:
--- !u!29 &1
OcclusionCullingSettings:
  m_ObjectHideFlags: 0
  serializedVersion: 2
  m_OcclusionBakeSettings:
    smallestOccluder: 5
    smallestHole: 0.25
    backfaceThreshold: 100
  m_SceneGUID: 00000000000000000000000000000000
  m_OcclusionCullingData: {fileID: 0}
--- !u!104 &2
RenderSettings:
  m_ObjectHideFlags: 0
  serializedVersion: 7
  m_Fog: 0
  m_FogColor: {r: 0.5, g: 0.5, b: 0.5, a: 1}
  m_FogMode: 3
  m_FogDensity: 0.01
  m_LinearFogStart: 0
  m_LinearFogEnd: 300
  m_AmbientSkyColor: {r: 0.212, g: 0.227, b: 0.259, a: 1}
  m_AmbientEquatorColor: {r: 0.114, g: 0.125, b: 0.133, a: 1}
  m_AmbientGroundColor: {r: 0.047, g: 0.043, b: 0.035, a: 1}
  m_AmbientIntensity: 1
  m_AmbientMode: 3
  m_SkyboxMaterial: {fileID: 0}
  m_HaloStrength: 0.5
  m_FlareStrength: 1
  m_FlareFadeSpeed: 3
  m_HaloTexture: {fileID: 0}
  m_SpotCookie: {fileID: 10001, guid: 0000000000000000e000000000000000, type: 0}
  m_DefaultReflectionMode: 0
  m_DefaultReflectionResolution: 128
  m_ReflectionBounces: 1
  m_ReflectionIntensity: 1
  m_CustomReflection: {fileID: 0}
  m_Sun: {fileID: 0}
  m_IndirectSpecularColor: {r: 0, g: 0, b: 0, a: 1}
--- !u!157 &3
LightmapSettings:
  m_ObjectHideFlags: 0
  serializedVersion: 7
  m_GIWorkflowMode: 1
  m_GISettings:
    serializedVersion: 2
    m_BounceScale: 1
    m_IndirectOutputScale: 1
    m_AlbedoBoost: 1
    m_TemporalCoherenceThreshold: 1
    m_EnvironmentLightingMode: 0
    m_EnableBakedLightmaps: 0
    m_EnableRealtimeLightmaps: 0
  m_LightmapEditorSettings:
    serializedVersion: 4
    m_Resolution: 2
    m_BakeResolution: 40
    m_TextureWidth: 1024
    m_TextureHeight: 1024
    m_AO: 0
    m_AOMaxDistance: 1
    m_CompAOExponent: 1
    m_CompAOExponentDirect: 0
    m_Padding: 2
    m_LightmapParameters: {fileID: 0}
    m_LightmapsBakeMode: 1
    m_TextureCompression: 1
    m_DirectLightInLightProbes: 1
    m_FinalGather: 0
    m_FinalGatherFiltering: 1
    m_FinalGatherRayCount: 256
    m_ReflectionCompression: 2
  m_LightingDataAsset: {fileID: 0}
  m_RuntimeCPUUsage: 25
--- !u!196 &4
NavMeshSettings:
  serializedVersion: 2
  m_ObjectHideFlags: 0
  m_BuildSettings:
    serializedVersion: 2
    agentTypeID: 0
    agentRadius: 0.5
    agentHeight: 2
    agentSlope: 45
    agentClimb: 0.4
    ledgeDropHeight: 0
    maxJumpAcrossDistance: 0
    minRegionArea: 2
    manualCellSize: 0
    cellSize: 0.16666667
    accuratePlacement: 0
  m_NavMeshData: {fileID: 0}
--- !u!1 &84339049
GameObject:
  m_ObjectHideFlags: 0
  m_PrefabParentObject: {fileID: 1967814169109900, guid: 8cfb56ec2b60a4771a4f981425a6ee7b,
    type: 2}
  m_PrefabInternal: {fileID: 0}
  serializedVersion: 5
  m_Component:
  - component: {fileID: 84339050}
  - component: {fileID: 84339052}
  - component: {fileID: 84339051}
  m_Layer: 5
  m_Name: Text
  m_TagString: Untagged
  m_Icon: {fileID: 0}
  m_NavMeshLayer: 0
  m_StaticEditorFlags: 0
  m_IsActive: 1
--- !u!224 &84339050
RectTransform:
  m_ObjectHideFlags: 0
  m_PrefabParentObject: {fileID: 224649313003319284, guid: 8cfb56ec2b60a4771a4f981425a6ee7b,
    type: 2}
  m_PrefabInternal: {fileID: 0}
  m_GameObject: {fileID: 84339049}
  m_LocalRotation: {x: 0, y: 0, z: 0, w: 1}
  m_LocalPosition: {x: 0, y: 0, z: 0}
  m_LocalScale: {x: 1, y: 1, z: 1}
  m_Children:
  - {fileID: 1781155268}
  m_Father: {fileID: 1291077227}
  m_RootOrder: 1
  m_LocalEulerAnglesHint: {x: 0, y: 0, z: 0}
  m_AnchorMin: {x: 0.8812493, y: 0.9498334}
  m_AnchorMax: {x: 0.8812493, y: 0.9498334}
  m_AnchoredPosition: {x: -100, y: -9.999}
  m_SizeDelta: {x: 105, y: 39.997}
  m_Pivot: {x: 0.32221544, y: 0.49999946}
--- !u!114 &84339051
MonoBehaviour:
  m_ObjectHideFlags: 0
  m_PrefabParentObject: {fileID: 114909767118115978, guid: 8cfb56ec2b60a4771a4f981425a6ee7b,
    type: 2}
  m_PrefabInternal: {fileID: 0}
  m_GameObject: {fileID: 84339049}
  m_Enabled: 1
  m_EditorHideFlags: 0
  m_Script: {fileID: 708705254, guid: f70555f144d8491a825f0804e09c671c, type: 3}
  m_Name: 
  m_EditorClassIdentifier: 
  m_Material: {fileID: 0}
  m_Color: {r: 0.30588236, g: 0.49803925, b: 0.9607844, a: 1}
  m_RaycastTarget: 1
  m_OnCullStateChanged:
    m_PersistentCalls:
      m_Calls: []
    m_TypeName: UnityEngine.UI.MaskableGraphic+CullStateChangedEvent, UnityEngine.UI,
      Version=1.0.0.0, Culture=neutral, PublicKeyToken=null
  m_FontData:
    m_Font: {fileID: 12800000, guid: 877fb59fe47744b8085a36a8500fafae, type: 3}
    m_FontSize: 40
    m_FontStyle: 1
    m_BestFit: 0
    m_MinSize: 0
    m_MaxSize: 45
    m_Alignment: 0
    m_AlignByGeometry: 0
    m_RichText: 1
    m_HorizontalOverflow: 1
    m_VerticalOverflow: 1
    m_LineSpacing: 1
  m_Text: Dreams
--- !u!222 &84339052
CanvasRenderer:
  m_ObjectHideFlags: 0
  m_PrefabParentObject: {fileID: 222462101371365114, guid: 8cfb56ec2b60a4771a4f981425a6ee7b,
    type: 2}
  m_PrefabInternal: {fileID: 0}
  m_GameObject: {fileID: 84339049}
--- !u!1001 &208995741
Prefab:
  m_ObjectHideFlags: 0
  serializedVersion: 2
  m_Modification:
    m_TransformParent: {fileID: 0}
    m_Modifications:
    - target: {fileID: 4428249579785420, guid: b35aa3ba0f8aa418eb5fc3f774aeb68c, type: 2}
      propertyPath: m_LocalPosition.x
      value: 66.1
      objectReference: {fileID: 0}
    - target: {fileID: 4428249579785420, guid: b35aa3ba0f8aa418eb5fc3f774aeb68c, type: 2}
      propertyPath: m_LocalPosition.y
      value: -7.1
      objectReference: {fileID: 0}
    - target: {fileID: 4428249579785420, guid: b35aa3ba0f8aa418eb5fc3f774aeb68c, type: 2}
      propertyPath: m_LocalPosition.z
      value: 0
      objectReference: {fileID: 0}
    - target: {fileID: 4428249579785420, guid: b35aa3ba0f8aa418eb5fc3f774aeb68c, type: 2}
      propertyPath: m_LocalRotation.x
      value: 0
      objectReference: {fileID: 0}
    - target: {fileID: 4428249579785420, guid: b35aa3ba0f8aa418eb5fc3f774aeb68c, type: 2}
      propertyPath: m_LocalRotation.y
      value: 0
      objectReference: {fileID: 0}
    - target: {fileID: 4428249579785420, guid: b35aa3ba0f8aa418eb5fc3f774aeb68c, type: 2}
      propertyPath: m_LocalRotation.z
      value: 0
      objectReference: {fileID: 0}
    - target: {fileID: 4428249579785420, guid: b35aa3ba0f8aa418eb5fc3f774aeb68c, type: 2}
      propertyPath: m_LocalRotation.w
      value: 1
      objectReference: {fileID: 0}
    - target: {fileID: 4428249579785420, guid: b35aa3ba0f8aa418eb5fc3f774aeb68c, type: 2}
      propertyPath: m_RootOrder
      value: 5
      objectReference: {fileID: 0}
    - target: {fileID: 1707158686801028, guid: b35aa3ba0f8aa418eb5fc3f774aeb68c, type: 2}
      propertyPath: m_Name
      value: cloud_ (3)
      objectReference: {fileID: 0}
    - target: {fileID: 4428249579785420, guid: b35aa3ba0f8aa418eb5fc3f774aeb68c, type: 2}
      propertyPath: m_LocalScale.y
      value: 0.74946916
      objectReference: {fileID: 0}
    - target: {fileID: 4428249579785420, guid: b35aa3ba0f8aa418eb5fc3f774aeb68c, type: 2}
      propertyPath: m_LocalScale.x
      value: 0.51737714
      objectReference: {fileID: 0}
    m_RemovedComponents: []
  m_ParentPrefab: {fileID: 100100000, guid: b35aa3ba0f8aa418eb5fc3f774aeb68c, type: 2}
  m_RootGameObject: {fileID: 1397805192}
  m_IsPrefabParent: 0
--- !u!1 &269976954
GameObject:
  m_ObjectHideFlags: 0
  m_PrefabParentObject: {fileID: 1707158686801028, guid: b35aa3ba0f8aa418eb5fc3f774aeb68c,
    type: 2}
  m_PrefabInternal: {fileID: 1413333598}
  serializedVersion: 5
  m_Component:
  - component: {fileID: 269976957}
  - component: {fileID: 269976956}
  - component: {fileID: 269976955}
  m_Layer: 0
  m_Name: cloud_ (4)
  m_TagString: Untagged
  m_Icon: {fileID: 0}
  m_NavMeshLayer: 0
  m_StaticEditorFlags: 0
  m_IsActive: 1
--- !u!61 &269976955
BoxCollider2D:
  m_ObjectHideFlags: 0
  m_PrefabParentObject: {fileID: 61123216945449482, guid: b35aa3ba0f8aa418eb5fc3f774aeb68c,
    type: 2}
  m_PrefabInternal: {fileID: 1413333598}
  m_GameObject: {fileID: 269976954}
  m_Enabled: 1
  m_Density: 1
  m_Material: {fileID: 0}
  m_IsTrigger: 0
  m_UsedByEffector: 0
  m_Offset: {x: 0.6, y: -0.8}
  serializedVersion: 2
  m_Size: {x: 14.88, y: 3.5}
--- !u!212 &269976956
SpriteRenderer:
  m_ObjectHideFlags: 0
  m_PrefabParentObject: {fileID: 212682476869471066, guid: b35aa3ba0f8aa418eb5fc3f774aeb68c,
    type: 2}
  m_PrefabInternal: {fileID: 1413333598}
  m_GameObject: {fileID: 269976954}
  m_Enabled: 1
  m_CastShadows: 0
  m_ReceiveShadows: 0
  m_MotionVectors: 1
  m_LightProbeUsage: 0
  m_ReflectionProbeUsage: 0
  m_Materials:
  - {fileID: 10754, guid: 0000000000000000f000000000000000, type: 0}
  m_StaticBatchInfo:
    firstSubMesh: 0
    subMeshCount: 0
  m_StaticBatchRoot: {fileID: 0}
  m_ProbeAnchor: {fileID: 0}
  m_LightProbeVolumeOverride: {fileID: 0}
  m_ScaleInLightmap: 1
  m_PreserveUVs: 0
  m_IgnoreNormalsForChartDetection: 0
  m_ImportantGI: 0
  m_SelectedEditorRenderState: 0
  m_MinimumChartSize: 4
  m_AutoUVMaxDistance: 0.5
  m_AutoUVMaxAngle: 89
  m_LightmapParameters: {fileID: 0}
  m_SortingLayerID: 0
  m_SortingOrder: 2
  m_Sprite: {fileID: 21300000, guid: 4c1a4f4cd448b424d8bae64f35095380, type: 3}
  m_Color: {r: 0.7607844, g: 0.7607844, b: 0.7607844, a: 1}
  m_FlipX: 0
  m_FlipY: 0
--- !u!4 &269976957
Transform:
  m_ObjectHideFlags: 0
  m_PrefabParentObject: {fileID: 4428249579785420, guid: b35aa3ba0f8aa418eb5fc3f774aeb68c,
    type: 2}
  m_PrefabInternal: {fileID: 1413333598}
  m_GameObject: {fileID: 269976954}
  m_LocalRotation: {x: 0, y: 0, z: 0, w: 1}
  m_LocalPosition: {x: 81.2, y: -1, z: 0}
  m_LocalScale: {x: 0.51737714, y: 0.74946916, z: 1}
  m_Children: []
  m_Father: {fileID: 0}
  m_RootOrder: 9
  m_LocalEulerAnglesHint: {x: 0, y: 0, z: 0}
--- !u!1 &371920433
GameObject:
  m_ObjectHideFlags: 0
  m_PrefabParentObject: {fileID: 1276193540218426, guid: 8cfb56ec2b60a4771a4f981425a6ee7b,
    type: 2}
  m_PrefabInternal: {fileID: 0}
  serializedVersion: 5
  m_Component:
  - component: {fileID: 371920434}
  - component: {fileID: 371920436}
  - component: {fileID: 371920435}
  m_Layer: 9
  m_Name: Stomper
  m_TagString: Stomper
  m_Icon: {fileID: 0}
  m_NavMeshLayer: 0
  m_StaticEditorFlags: 0
  m_IsActive: 1
--- !u!4 &371920434
Transform:
  m_ObjectHideFlags: 0
  m_PrefabParentObject: {fileID: 4431573064841098, guid: 8cfb56ec2b60a4771a4f981425a6ee7b,
    type: 2}
  m_PrefabInternal: {fileID: 0}
  m_GameObject: {fileID: 371920433}
  m_LocalRotation: {x: 0, y: 0, z: 0, w: 1}
  m_LocalPosition: {x: 0, y: 0, z: 0}
  m_LocalScale: {x: 1, y: 1, z: 1}
  m_Children: []
  m_Father: {fileID: 1697671100}
  m_RootOrder: 1
  m_LocalEulerAnglesHint: {x: 0, y: 0, z: 0}
--- !u!61 &371920435
BoxCollider2D:
  m_ObjectHideFlags: 0
  m_PrefabParentObject: {fileID: 61688845646316188, guid: 8cfb56ec2b60a4771a4f981425a6ee7b,
    type: 2}
  m_PrefabInternal: {fileID: 0}
  m_GameObject: {fileID: 371920433}
  m_Enabled: 1
  m_Density: 1
  m_Material: {fileID: 0}
  m_IsTrigger: 0
  m_UsedByEffector: 0
  m_Offset: {x: 0, y: -1.5}
  serializedVersion: 2
  m_Size: {x: 1, y: 1}
--- !u!82 &371920436
AudioSource:
  m_ObjectHideFlags: 0
  m_PrefabParentObject: {fileID: 82009228499181636, guid: 8cfb56ec2b60a4771a4f981425a6ee7b,
    type: 2}
  m_PrefabInternal: {fileID: 0}
  m_GameObject: {fileID: 371920433}
  m_Enabled: 1
  serializedVersion: 4
  OutputAudioMixerGroup: {fileID: 0}
  m_audioClip: {fileID: 0}
  m_PlayOnAwake: 1
  m_Volume: 1
  m_Pitch: 1
  Loop: 0
  Mute: 0
  Spatialize: 0
  SpatializePostEffects: 0
  Priority: 128
  DopplerLevel: 1
  MinDistance: 1
  MaxDistance: 500
  Pan2D: 0
  rolloffMode: 0
  BypassEffects: 0
  BypassListenerEffects: 0
  BypassReverbZones: 0
  rolloffCustomCurve:
    serializedVersion: 2
    m_Curve:
    - serializedVersion: 2
      time: 0
      value: 1
      inSlope: 0
      outSlope: 0
      tangentMode: 0
    - serializedVersion: 2
      time: 1
      value: 0
      inSlope: 0
      outSlope: 0
      tangentMode: 0
    m_PreInfinity: 2
    m_PostInfinity: 2
    m_RotationOrder: 4
  panLevelCustomCurve:
    serializedVersion: 2
    m_Curve:
    - serializedVersion: 2
      time: 0
      value: 0
      inSlope: 0
      outSlope: 0
      tangentMode: 0
    m_PreInfinity: 2
    m_PostInfinity: 2
    m_RotationOrder: 0
  spreadCustomCurve:
    serializedVersion: 2
    m_Curve:
    - serializedVersion: 2
      time: 0
      value: 0
      inSlope: 0
      outSlope: 0
      tangentMode: 0
    m_PreInfinity: 2
    m_PostInfinity: 2
    m_RotationOrder: 4
  reverbZoneMixCustomCurve:
    serializedVersion: 2
    m_Curve:
    - serializedVersion: 2
      time: 0
      value: 1
      inSlope: 0
      outSlope: 0
      tangentMode: 0
    m_PreInfinity: 2
    m_PostInfinity: 2
    m_RotationOrder: 0
--- !u!1 &451488095
GameObject:
  m_ObjectHideFlags: 0
  m_PrefabParentObject: {fileID: 100000, guid: a038b284634e29f4aaf058814aa61a6f, type: 2}
  m_PrefabInternal: {fileID: 614678427}
  serializedVersion: 5
  m_Component:
  - component: {fileID: 451488098}
  - component: {fileID: 451488097}
  - component: {fileID: 451488096}
  m_Layer: 0
  m_Name: Killzone
  m_TagString: Untagged
  m_Icon: {fileID: 0}
  m_NavMeshLayer: 0
  m_StaticEditorFlags: 0
  m_IsActive: 1
--- !u!114 &451488096
MonoBehaviour:
  m_ObjectHideFlags: 0
  m_PrefabParentObject: {fileID: 11400000, guid: a038b284634e29f4aaf058814aa61a6f,
    type: 2}
  m_PrefabInternal: {fileID: 614678427}
  m_GameObject: {fileID: 451488095}
  m_Enabled: 1
  m_EditorHideFlags: 0
  m_Script: {fileID: 11500000, guid: e053b0a94752146e79954ce4df1b5565, type: 3}
  m_Name: 
  m_EditorClassIdentifier: 
--- !u!61 &451488097
BoxCollider2D:
  m_ObjectHideFlags: 0
  m_PrefabParentObject: {fileID: 6100000, guid: a038b284634e29f4aaf058814aa61a6f,
    type: 2}
  m_PrefabInternal: {fileID: 614678427}
  m_GameObject: {fileID: 451488095}
  m_Enabled: 1
  m_Density: 1
  m_Material: {fileID: 0}
  m_IsTrigger: 1
  m_UsedByEffector: 0
  m_Offset: {x: 26.25035, y: -7.491138}
  serializedVersion: 2
  m_Size: {x: 72.56122, y: 4.9515467}
--- !u!4 &451488098
Transform:
  m_ObjectHideFlags: 0
  m_PrefabParentObject: {fileID: 400000, guid: a038b284634e29f4aaf058814aa61a6f, type: 2}
  m_PrefabInternal: {fileID: 614678427}
  m_GameObject: {fileID: 451488095}
  m_LocalRotation: {x: 0, y: 0, z: 0, w: 1}
  m_LocalPosition: {x: -4.8026648, y: -8.767811, z: 0}
  m_LocalScale: {x: 8.625037, y: 1, z: 1}
  m_Children: []
  m_Father: {fileID: 0}
  m_RootOrder: 2
  m_LocalEulerAnglesHint: {x: 0, y: 0, z: 0}
--- !u!1 &577025873
GameObject:
  m_ObjectHideFlags: 0
  m_PrefabParentObject: {fileID: 1154327602870024, guid: 8cfb56ec2b60a4771a4f981425a6ee7b,
    type: 2}
  m_PrefabInternal: {fileID: 0}
  serializedVersion: 5
  m_Component:
  - component: {fileID: 577025874}
  - component: {fileID: 577025879}
  - component: {fileID: 577025878}
  - component: {fileID: 577025877}
  - component: {fileID: 577025876}
  - component: {fileID: 577025875}
  m_Layer: 9
  m_Name: cigar
  m_TagString: Stomper
  m_Icon: {fileID: 0}
  m_NavMeshLayer: 0
  m_StaticEditorFlags: 0
  m_IsActive: 1
--- !u!4 &577025874
Transform:
  m_ObjectHideFlags: 0
  m_PrefabParentObject: {fileID: 4718120880563480, guid: 8cfb56ec2b60a4771a4f981425a6ee7b,
    type: 2}
  m_PrefabInternal: {fileID: 0}
  m_GameObject: {fileID: 577025873}
  m_LocalRotation: {x: -0, y: -0, z: -0, w: 1}
  m_LocalPosition: {x: 265.42798, y: -63.454155, z: 0}
  m_LocalScale: {x: 1, y: 0.98747, z: 1}
  m_Children: []
  m_Father: {fileID: 1697671100}
  m_RootOrder: 3
  m_LocalEulerAnglesHint: {x: 0, y: 0, z: 0}
--- !u!61 &577025875
BoxCollider2D:
  m_ObjectHideFlags: 0
  m_PrefabParentObject: {fileID: 61216682950368376, guid: 8cfb56ec2b60a4771a4f981425a6ee7b,
    type: 2}
  m_PrefabInternal: {fileID: 0}
  m_GameObject: {fileID: 577025873}
  m_Enabled: 1
  m_Density: 1
  m_Material: {fileID: 0}
  m_IsTrigger: 1
  m_UsedByEffector: 0
  m_Offset: {x: 0, y: 0.0000038146973}
  serializedVersion: 2
  m_Size: {x: 1, y: 1}
--- !u!114 &577025876
MonoBehaviour:
  m_ObjectHideFlags: 0
  m_PrefabParentObject: {fileID: 114393952753240594, guid: 8cfb56ec2b60a4771a4f981425a6ee7b,
    type: 2}
  m_PrefabInternal: {fileID: 0}
  m_GameObject: {fileID: 577025873}
  m_Enabled: 1
  m_EditorHideFlags: 0
  m_Script: {fileID: 11500000, guid: 6360468f5b5824cf9a920285ab765b17, type: 3}
  m_Name: 
  m_EditorClassIdentifier: 
  speed: 20
  player: {fileID: 1697671096}
  enemyDamage: 0
--- !u!58 &577025877
CircleCollider2D:
  m_ObjectHideFlags: 0
  m_PrefabParentObject: {fileID: 58623039158428144, guid: 8cfb56ec2b60a4771a4f981425a6ee7b,
    type: 2}
  m_PrefabInternal: {fileID: 0}
  m_GameObject: {fileID: 577025873}
  m_Enabled: 0
  m_Density: 1
  m_Material: {fileID: 0}
  m_IsTrigger: 1
  m_UsedByEffector: 0
  m_Offset: {x: 0, y: 0}
  serializedVersion: 2
  m_Radius: 1
--- !u!50 &577025878
Rigidbody2D:
  serializedVersion: 4
  m_ObjectHideFlags: 0
  m_PrefabParentObject: {fileID: 50092606442346408, guid: 8cfb56ec2b60a4771a4f981425a6ee7b,
    type: 2}
  m_PrefabInternal: {fileID: 0}
  m_GameObject: {fileID: 577025873}
  m_BodyType: 0
  m_Simulated: 1
  m_UseFullKinematicContacts: 0
  m_UseAutoMass: 0
  m_Mass: 1
  m_LinearDrag: 0
  m_AngularDrag: 0.05
  m_GravityScale: 1
  m_Material: {fileID: 0}
  m_Interpolate: 1
  m_SleepingMode: 1
  m_CollisionDetection: 0
  m_Constraints: 0
--- !u!212 &577025879
SpriteRenderer:
  m_ObjectHideFlags: 0
  m_PrefabParentObject: {fileID: 212657441321084556, guid: 8cfb56ec2b60a4771a4f981425a6ee7b,
    type: 2}
  m_PrefabInternal: {fileID: 0}
  m_GameObject: {fileID: 577025873}
  m_Enabled: 1
  m_CastShadows: 0
  m_ReceiveShadows: 0
  m_MotionVectors: 1
  m_LightProbeUsage: 0
  m_ReflectionProbeUsage: 0
  m_Materials:
  - {fileID: 10754, guid: 0000000000000000f000000000000000, type: 0}
  m_StaticBatchInfo:
    firstSubMesh: 0
    subMeshCount: 0
  m_StaticBatchRoot: {fileID: 0}
  m_ProbeAnchor: {fileID: 0}
  m_LightProbeVolumeOverride: {fileID: 0}
  m_ScaleInLightmap: 1
  m_PreserveUVs: 0
  m_IgnoreNormalsForChartDetection: 0
  m_ImportantGI: 0
  m_SelectedEditorRenderState: 0
  m_MinimumChartSize: 4
  m_AutoUVMaxDistance: 0.5
  m_AutoUVMaxAngle: 89
  m_LightmapParameters: {fileID: 0}
  m_SortingLayerID: 0
  m_SortingOrder: 2
  m_Sprite: {fileID: 21300008, guid: 52a88ac17135f4815987ff821bf7eb58, type: 3}
  m_Color: {r: 1, g: 1, b: 1, a: 1}
  m_FlipX: 0
  m_FlipY: 0
--- !u!1001 &614678427
Prefab:
  m_ObjectHideFlags: 0
  serializedVersion: 2
  m_Modification:
    m_TransformParent: {fileID: 0}
    m_Modifications:
    - target: {fileID: 400000, guid: a038b284634e29f4aaf058814aa61a6f, type: 2}
      propertyPath: m_LocalPosition.x
      value: -4.8026648
      objectReference: {fileID: 0}
    - target: {fileID: 400000, guid: a038b284634e29f4aaf058814aa61a6f, type: 2}
      propertyPath: m_LocalPosition.y
      value: -8.767811
      objectReference: {fileID: 0}
    - target: {fileID: 400000, guid: a038b284634e29f4aaf058814aa61a6f, type: 2}
      propertyPath: m_LocalPosition.z
      value: 0
      objectReference: {fileID: 0}
    - target: {fileID: 400000, guid: a038b284634e29f4aaf058814aa61a6f, type: 2}
      propertyPath: m_LocalRotation.x
      value: 0
      objectReference: {fileID: 0}
    - target: {fileID: 400000, guid: a038b284634e29f4aaf058814aa61a6f, type: 2}
      propertyPath: m_LocalRotation.y
      value: 0
      objectReference: {fileID: 0}
    - target: {fileID: 400000, guid: a038b284634e29f4aaf058814aa61a6f, type: 2}
      propertyPath: m_LocalRotation.z
      value: 0
      objectReference: {fileID: 0}
    - target: {fileID: 400000, guid: a038b284634e29f4aaf058814aa61a6f, type: 2}
      propertyPath: m_LocalRotation.w
      value: 1
      objectReference: {fileID: 0}
    - target: {fileID: 400000, guid: a038b284634e29f4aaf058814aa61a6f, type: 2}
      propertyPath: m_RootOrder
      value: 2
      objectReference: {fileID: 0}
    - target: {fileID: 400000, guid: a038b284634e29f4aaf058814aa61a6f, type: 2}
      propertyPath: m_LocalScale.x
      value: 8.625037
      objectReference: {fileID: 0}
    m_RemovedComponents: []
  m_ParentPrefab: {fileID: 100100000, guid: a038b284634e29f4aaf058814aa61a6f, type: 2}
  m_RootGameObject: {fileID: 451488095}
  m_IsPrefabParent: 0
--- !u!1001 &920653357
Prefab:
  m_ObjectHideFlags: 0
  serializedVersion: 2
  m_Modification:
    m_TransformParent: {fileID: 0}
    m_Modifications:
    - target: {fileID: 4428249579785420, guid: b35aa3ba0f8aa418eb5fc3f774aeb68c, type: 2}
      propertyPath: m_LocalPosition.x
      value: 51.75545
      objectReference: {fileID: 0}
    - target: {fileID: 4428249579785420, guid: b35aa3ba0f8aa418eb5fc3f774aeb68c, type: 2}
      propertyPath: m_LocalPosition.y
      value: -7.905458
      objectReference: {fileID: 0}
    - target: {fileID: 4428249579785420, guid: b35aa3ba0f8aa418eb5fc3f774aeb68c, type: 2}
      propertyPath: m_LocalPosition.z
      value: 0
      objectReference: {fileID: 0}
    - target: {fileID: 4428249579785420, guid: b35aa3ba0f8aa418eb5fc3f774aeb68c, type: 2}
      propertyPath: m_LocalRotation.x
      value: 0
      objectReference: {fileID: 0}
    - target: {fileID: 4428249579785420, guid: b35aa3ba0f8aa418eb5fc3f774aeb68c, type: 2}
      propertyPath: m_LocalRotation.y
      value: 0
      objectReference: {fileID: 0}
    - target: {fileID: 4428249579785420, guid: b35aa3ba0f8aa418eb5fc3f774aeb68c, type: 2}
      propertyPath: m_LocalRotation.z
      value: 0
      objectReference: {fileID: 0}
    - target: {fileID: 4428249579785420, guid: b35aa3ba0f8aa418eb5fc3f774aeb68c, type: 2}
      propertyPath: m_LocalRotation.w
      value: 1
      objectReference: {fileID: 0}
    - target: {fileID: 4428249579785420, guid: b35aa3ba0f8aa418eb5fc3f774aeb68c, type: 2}
      propertyPath: m_RootOrder
      value: 6
      objectReference: {fileID: 0}
    - target: {fileID: 1707158686801028, guid: b35aa3ba0f8aa418eb5fc3f774aeb68c, type: 2}
      propertyPath: m_Name
      value: cloud_ (2)
      objectReference: {fileID: 0}
    m_RemovedComponents: []
  m_ParentPrefab: {fileID: 100100000, guid: b35aa3ba0f8aa418eb5fc3f774aeb68c, type: 2}
  m_RootGameObject: {fileID: 2143336031}
  m_IsPrefabParent: 0
--- !u!1001 &941714161
Prefab:
  m_ObjectHideFlags: 0
  serializedVersion: 2
  m_Modification:
    m_TransformParent: {fileID: 0}
    m_Modifications:
    - target: {fileID: 4428249579785420, guid: b35aa3ba0f8aa418eb5fc3f774aeb68c, type: 2}
      propertyPath: m_LocalPosition.x
      value: 14.862118
      objectReference: {fileID: 0}
    - target: {fileID: 4428249579785420, guid: b35aa3ba0f8aa418eb5fc3f774aeb68c, type: 2}
      propertyPath: m_LocalPosition.y
      value: 1.048873
      objectReference: {fileID: 0}
    - target: {fileID: 4428249579785420, guid: b35aa3ba0f8aa418eb5fc3f774aeb68c, type: 2}
      propertyPath: m_LocalPosition.z
      value: 0
      objectReference: {fileID: 0}
    - target: {fileID: 4428249579785420, guid: b35aa3ba0f8aa418eb5fc3f774aeb68c, type: 2}
      propertyPath: m_LocalRotation.x
      value: 0
      objectReference: {fileID: 0}
    - target: {fileID: 4428249579785420, guid: b35aa3ba0f8aa418eb5fc3f774aeb68c, type: 2}
      propertyPath: m_LocalRotation.y
      value: 0
      objectReference: {fileID: 0}
    - target: {fileID: 4428249579785420, guid: b35aa3ba0f8aa418eb5fc3f774aeb68c, type: 2}
      propertyPath: m_LocalRotation.z
      value: 0
      objectReference: {fileID: 0}
    - target: {fileID: 4428249579785420, guid: b35aa3ba0f8aa418eb5fc3f774aeb68c, type: 2}
      propertyPath: m_LocalRotation.w
      value: 1
      objectReference: {fileID: 0}
    - target: {fileID: 4428249579785420, guid: b35aa3ba0f8aa418eb5fc3f774aeb68c, type: 2}
      propertyPath: m_RootOrder
      value: 1
      objectReference: {fileID: 0}
    - target: {fileID: 1707158686801028, guid: b35aa3ba0f8aa418eb5fc3f774aeb68c, type: 2}
      propertyPath: m_Name
      value: cloud_ (8)
      objectReference: {fileID: 0}
    - target: {fileID: 1707158686801028, guid: b35aa3ba0f8aa418eb5fc3f774aeb68c, type: 2}
      propertyPath: m_Layer
      value: 9
      objectReference: {fileID: 0}
    m_RemovedComponents: []
  m_ParentPrefab: {fileID: 100100000, guid: b35aa3ba0f8aa418eb5fc3f774aeb68c, type: 2}
  m_RootGameObject: {fileID: 1625363987}
  m_IsPrefabParent: 0
--- !u!1001 &1001259372
Prefab:
  m_ObjectHideFlags: 0
  serializedVersion: 2
  m_Modification:
    m_TransformParent: {fileID: 0}
    m_Modifications:
    - target: {fileID: 4428249579785420, guid: b35aa3ba0f8aa418eb5fc3f774aeb68c, type: 2}
      propertyPath: m_LocalPosition.x
      value: 73.7
      objectReference: {fileID: 0}
    - target: {fileID: 4428249579785420, guid: b35aa3ba0f8aa418eb5fc3f774aeb68c, type: 2}
      propertyPath: m_LocalPosition.y
      value: -4.3
      objectReference: {fileID: 0}
    - target: {fileID: 4428249579785420, guid: b35aa3ba0f8aa418eb5fc3f774aeb68c, type: 2}
      propertyPath: m_LocalPosition.z
      value: 0
      objectReference: {fileID: 0}
    - target: {fileID: 4428249579785420, guid: b35aa3ba0f8aa418eb5fc3f774aeb68c, type: 2}
      propertyPath: m_LocalRotation.x
      value: 0
      objectReference: {fileID: 0}
    - target: {fileID: 4428249579785420, guid: b35aa3ba0f8aa418eb5fc3f774aeb68c, type: 2}
      propertyPath: m_LocalRotation.y
      value: 0
      objectReference: {fileID: 0}
    - target: {fileID: 4428249579785420, guid: b35aa3ba0f8aa418eb5fc3f774aeb68c, type: 2}
      propertyPath: m_LocalRotation.z
      value: 0
      objectReference: {fileID: 0}
    - target: {fileID: 4428249579785420, guid: b35aa3ba0f8aa418eb5fc3f774aeb68c, type: 2}
      propertyPath: m_LocalRotation.w
      value: 1
      objectReference: {fileID: 0}
    - target: {fileID: 4428249579785420, guid: b35aa3ba0f8aa418eb5fc3f774aeb68c, type: 2}
      propertyPath: m_RootOrder
      value: 10
      objectReference: {fileID: 0}
    - target: {fileID: 1707158686801028, guid: b35aa3ba0f8aa418eb5fc3f774aeb68c, type: 2}
      propertyPath: m_Name
      value: cloud_ (5)
      objectReference: {fileID: 0}
    - target: {fileID: 4428249579785420, guid: b35aa3ba0f8aa418eb5fc3f774aeb68c, type: 2}
      propertyPath: m_LocalScale.y
      value: 0.74946916
      objectReference: {fileID: 0}
    - target: {fileID: 4428249579785420, guid: b35aa3ba0f8aa418eb5fc3f774aeb68c, type: 2}
      propertyPath: m_LocalScale.x
      value: 0.51737714
      objectReference: {fileID: 0}
    m_RemovedComponents: []
  m_ParentPrefab: {fileID: 100100000, guid: b35aa3ba0f8aa418eb5fc3f774aeb68c, type: 2}
  m_RootGameObject: {fileID: 1865979081}
  m_IsPrefabParent: 0
--- !u!1 &1104007010
GameObject:
  m_ObjectHideFlags: 0
  m_PrefabParentObject: {fileID: 1934841430002620, guid: 8cfb56ec2b60a4771a4f981425a6ee7b,
    type: 2}
  m_PrefabInternal: {fileID: 0}
  serializedVersion: 5
  m_Component:
  - component: {fileID: 1104007011}
  m_Layer: 0
  m_Name: firePoint
  m_TagString: Untagged
  m_Icon: {fileID: 0}
  m_NavMeshLayer: 0
  m_StaticEditorFlags: 0
  m_IsActive: 1
--- !u!4 &1104007011
Transform:
  m_ObjectHideFlags: 0
  m_PrefabParentObject: {fileID: 4747838499561758, guid: 8cfb56ec2b60a4771a4f981425a6ee7b,
    type: 2}
  m_PrefabInternal: {fileID: 0}
  m_GameObject: {fileID: 1104007010}
  m_LocalRotation: {x: 0, y: 0, z: 0, w: 1}
  m_LocalPosition: {x: 0, y: 0, z: 0}
  m_LocalScale: {x: 1, y: 1, z: 1}
  m_Children: []
  m_Father: {fileID: 1697671100}
  m_RootOrder: 2
  m_LocalEulerAnglesHint: {x: 0, y: 0, z: 0}
--- !u!1001 &1135797664
Prefab:
  m_ObjectHideFlags: 0
  serializedVersion: 2
  m_Modification:
    m_TransformParent: {fileID: 0}
    m_Modifications:
    - target: {fileID: 4428249579785420, guid: b35aa3ba0f8aa418eb5fc3f774aeb68c, type: 2}
      propertyPath: m_LocalPosition.x
      value: -5.23
      objectReference: {fileID: 0}
    - target: {fileID: 4428249579785420, guid: b35aa3ba0f8aa418eb5fc3f774aeb68c, type: 2}
      propertyPath: m_LocalPosition.y
      value: -9.69
      objectReference: {fileID: 0}
    - target: {fileID: 4428249579785420, guid: b35aa3ba0f8aa418eb5fc3f774aeb68c, type: 2}
      propertyPath: m_LocalPosition.z
      value: 0
      objectReference: {fileID: 0}
    - target: {fileID: 4428249579785420, guid: b35aa3ba0f8aa418eb5fc3f774aeb68c, type: 2}
      propertyPath: m_LocalRotation.x
      value: 0
      objectReference: {fileID: 0}
    - target: {fileID: 4428249579785420, guid: b35aa3ba0f8aa418eb5fc3f774aeb68c, type: 2}
      propertyPath: m_LocalRotation.y
      value: 0
      objectReference: {fileID: 0}
    - target: {fileID: 4428249579785420, guid: b35aa3ba0f8aa418eb5fc3f774aeb68c, type: 2}
      propertyPath: m_LocalRotation.z
      value: 0
      objectReference: {fileID: 0}
    - target: {fileID: 4428249579785420, guid: b35aa3ba0f8aa418eb5fc3f774aeb68c, type: 2}
      propertyPath: m_LocalRotation.w
      value: 1
      objectReference: {fileID: 0}
    - target: {fileID: 4428249579785420, guid: b35aa3ba0f8aa418eb5fc3f774aeb68c, type: 2}
      propertyPath: m_RootOrder
      value: 8
      objectReference: {fileID: 0}
    m_RemovedComponents: []
  m_ParentPrefab: {fileID: 100100000, guid: b35aa3ba0f8aa418eb5fc3f774aeb68c, type: 2}
  m_RootGameObject: {fileID: 1501393364}
  m_IsPrefabParent: 0
--- !u!1 &1178068011
GameObject:
  m_ObjectHideFlags: 0
  m_PrefabParentObject: {fileID: 0}
  m_PrefabInternal: {fileID: 0}
  serializedVersion: 5
  m_Component:
  - component: {fileID: 1178068012}
  - component: {fileID: 1178068013}
  m_Layer: 0
  m_Name: largebrain
  m_TagString: Untagged
  m_Icon: {fileID: 0}
  m_NavMeshLayer: 0
  m_StaticEditorFlags: 0
  m_IsActive: 1
--- !u!4 &1178068012
Transform:
  m_ObjectHideFlags: 0
  m_PrefabParentObject: {fileID: 0}
  m_PrefabInternal: {fileID: 0}
  m_GameObject: {fileID: 1178068011}
  m_LocalRotation: {x: -0, y: -0, z: -0, w: 1}
  m_LocalPosition: {x: 0.39999962, y: 1.1999999, z: 0}
  m_LocalScale: {x: 8.68222, y: 6.4581356, z: 1}
  m_Children: []
  m_Father: {fileID: 1697671100}
  m_RootOrder: 0
  m_LocalEulerAnglesHint: {x: 0, y: 0, z: 0}
--- !u!212 &1178068013
SpriteRenderer:
  m_ObjectHideFlags: 0
  m_PrefabParentObject: {fileID: 0}
  m_PrefabInternal: {fileID: 0}
  m_GameObject: {fileID: 1178068011}
  m_Enabled: 1
  m_CastShadows: 0
  m_ReceiveShadows: 0
  m_MotionVectors: 1
  m_LightProbeUsage: 0
  m_ReflectionProbeUsage: 0
  m_Materials:
  - {fileID: 10754, guid: 0000000000000000f000000000000000, type: 0}
  m_StaticBatchInfo:
    firstSubMesh: 0
    subMeshCount: 0
  m_StaticBatchRoot: {fileID: 0}
  m_ProbeAnchor: {fileID: 0}
  m_LightProbeVolumeOverride: {fileID: 0}
  m_ScaleInLightmap: 1
  m_PreserveUVs: 0
  m_IgnoreNormalsForChartDetection: 0
  m_ImportantGI: 0
  m_SelectedEditorRenderState: 0
  m_MinimumChartSize: 4
  m_AutoUVMaxDistance: 0.5
  m_AutoUVMaxAngle: 89
  m_LightmapParameters: {fileID: 0}
  m_SortingLayerID: 0
  m_SortingOrder: 0
  m_Sprite: {fileID: 21300000, guid: 65837978bf2da4d9fa5c12939dca2793, type: 3}
  m_Color: {r: 1, g: 1, b: 1, a: 1}
  m_FlipX: 0
  m_FlipY: 0
--- !u!1 &1280147364
GameObject:
  m_ObjectHideFlags: 0
  m_PrefabParentObject: {fileID: 1085117355875818, guid: 8cfb56ec2b60a4771a4f981425a6ee7b,
    type: 2}
  m_PrefabInternal: {fileID: 0}
  serializedVersion: 5
  m_Component:
  - component: {fileID: 1280147365}
  - component: {fileID: 1280147367}
  - component: {fileID: 1280147366}
  m_Layer: 0
  m_Name: GroundCheck
  m_TagString: Untagged
  m_Icon: {fileID: 0}
  m_NavMeshLayer: 0
  m_StaticEditorFlags: 0
  m_IsActive: 1
--- !u!4 &1280147365
Transform:
  m_ObjectHideFlags: 0
  m_PrefabParentObject: {fileID: 4488060208538946, guid: 8cfb56ec2b60a4771a4f981425a6ee7b,
    type: 2}
  m_PrefabInternal: {fileID: 0}
  m_GameObject: {fileID: 1280147364}
  m_LocalRotation: {x: 0, y: 0, z: 0, w: 1}
  m_LocalPosition: {x: 0, y: 0, z: 0}
  m_LocalScale: {x: 1, y: 1, z: 1}
  m_Children: []
  m_Father: {fileID: 1697671100}
  m_RootOrder: 4
  m_LocalEulerAnglesHint: {x: 0, y: 0, z: 0}
--- !u!61 &1280147366
BoxCollider2D:
  m_ObjectHideFlags: 0
  m_PrefabParentObject: {fileID: 61056025424465674, guid: 8cfb56ec2b60a4771a4f981425a6ee7b,
    type: 2}
  m_PrefabInternal: {fileID: 0}
  m_GameObject: {fileID: 1280147364}
  m_Enabled: 1
  m_Density: 1
  m_Material: {fileID: 0}
  m_IsTrigger: 1
  m_UsedByEffector: 0
  m_Offset: {x: 0, y: -1.3}
  serializedVersion: 2
  m_Size: {x: 1, y: 1}
--- !u!114 &1280147367
MonoBehaviour:
  m_ObjectHideFlags: 0
  m_PrefabParentObject: {fileID: 114461535917057436, guid: 8cfb56ec2b60a4771a4f981425a6ee7b,
    type: 2}
  m_PrefabInternal: {fileID: 0}
  m_GameObject: {fileID: 1280147364}
  m_Enabled: 1
  m_EditorHideFlags: 0
  m_Script: {fileID: 11500000, guid: 020eb2481982147e3bc2ccc61df8ca5b, type: 3}
  m_Name: 
  m_EditorClassIdentifier: 
--- !u!1 &1291077226
GameObject:
  m_ObjectHideFlags: 0
  m_PrefabParentObject: {fileID: 1409235630228028, guid: 8cfb56ec2b60a4771a4f981425a6ee7b,
    type: 2}
  m_PrefabInternal: {fileID: 0}
  serializedVersion: 5
  m_Component:
  - component: {fileID: 1291077227}
  - component: {fileID: 1291077230}
  - component: {fileID: 1291077229}
  - component: {fileID: 1291077228}
  m_Layer: 5
  m_Name: Health UI
  m_TagString: Untagged
  m_Icon: {fileID: 0}
  m_NavMeshLayer: 0
  m_StaticEditorFlags: 0
  m_IsActive: 1
--- !u!224 &1291077227
RectTransform:
  m_ObjectHideFlags: 0
  m_PrefabParentObject: {fileID: 224979995465936260, guid: 8cfb56ec2b60a4771a4f981425a6ee7b,
    type: 2}
  m_PrefabInternal: {fileID: 0}
  m_GameObject: {fileID: 1291077226}
  m_LocalRotation: {x: 0, y: 0, z: 0, w: 1}
  m_LocalPosition: {x: 0, y: 0, z: 0}
  m_LocalScale: {x: 0, y: 0, z: 0}
  m_Children:
  - {fileID: 1668096955}
  - {fileID: 84339050}
  m_Father: {fileID: 1950881387}
  m_RootOrder: 0
  m_LocalEulerAnglesHint: {x: 0, y: 0, z: 0}
  m_AnchorMin: {x: 0, y: 0}
  m_AnchorMax: {x: 0, y: 0}
  m_AnchoredPosition: {x: 0, y: 0}
  m_SizeDelta: {x: 0, y: 0}
  m_Pivot: {x: 0, y: 0}
--- !u!114 &1291077228
MonoBehaviour:
  m_ObjectHideFlags: 0
  m_PrefabParentObject: {fileID: 114530233178651670, guid: 8cfb56ec2b60a4771a4f981425a6ee7b,
    type: 2}
  m_PrefabInternal: {fileID: 0}
  m_GameObject: {fileID: 1291077226}
  m_Enabled: 1
  m_EditorHideFlags: 0
  m_Script: {fileID: 1301386320, guid: f70555f144d8491a825f0804e09c671c, type: 3}
  m_Name: 
  m_EditorClassIdentifier: 
  m_IgnoreReversedGraphics: 1
  m_BlockingObjects: 0
  m_BlockingMask:
    serializedVersion: 2
    m_Bits: 4294967295
--- !u!114 &1291077229
MonoBehaviour:
  m_ObjectHideFlags: 0
  m_PrefabParentObject: {fileID: 114788831214144758, guid: 8cfb56ec2b60a4771a4f981425a6ee7b,
    type: 2}
  m_PrefabInternal: {fileID: 0}
  m_GameObject: {fileID: 1291077226}
  m_Enabled: 1
  m_EditorHideFlags: 0
  m_Script: {fileID: 1980459831, guid: f70555f144d8491a825f0804e09c671c, type: 3}
  m_Name: 
  m_EditorClassIdentifier: 
  m_UiScaleMode: 0
  m_ReferencePixelsPerUnit: 100
  m_ScaleFactor: 1
  m_ReferenceResolution: {x: 800, y: 600}
  m_ScreenMatchMode: 0
  m_MatchWidthOrHeight: 0
  m_PhysicalUnit: 3
  m_FallbackScreenDPI: 96
  m_DefaultSpriteDPI: 96
  m_DynamicPixelsPerUnit: 1
--- !u!223 &1291077230
Canvas:
  m_ObjectHideFlags: 0
  m_PrefabParentObject: {fileID: 223008531678863456, guid: 8cfb56ec2b60a4771a4f981425a6ee7b,
    type: 2}
  m_PrefabInternal: {fileID: 0}
  m_GameObject: {fileID: 1291077226}
  m_Enabled: 1
  serializedVersion: 2
  m_RenderMode: 0
  m_Camera: {fileID: 0}
  m_PlaneDistance: 100
  m_PixelPerfect: 0
  m_ReceivesEvents: 1
  m_OverrideSorting: 0
  m_OverridePixelPerfect: 0
  m_SortingBucketNormalizedSize: 0
  m_SortingLayerID: 0
  m_SortingOrder: 0
  m_TargetDisplay: 0
--- !u!1001 &1394055837
Prefab:
  m_ObjectHideFlags: 0
  serializedVersion: 2
  m_Modification:
    m_TransformParent: {fileID: 0}
    m_Modifications:
    - target: {fileID: 4428249579785420, guid: b35aa3ba0f8aa418eb5fc3f774aeb68c, type: 2}
      propertyPath: m_LocalPosition.x
      value: 140.5
      objectReference: {fileID: 0}
    - target: {fileID: 4428249579785420, guid: b35aa3ba0f8aa418eb5fc3f774aeb68c, type: 2}
      propertyPath: m_LocalPosition.y
      value: -14
      objectReference: {fileID: 0}
    - target: {fileID: 4428249579785420, guid: b35aa3ba0f8aa418eb5fc3f774aeb68c, type: 2}
      propertyPath: m_LocalPosition.z
      value: 0
      objectReference: {fileID: 0}
    - target: {fileID: 4428249579785420, guid: b35aa3ba0f8aa418eb5fc3f774aeb68c, type: 2}
      propertyPath: m_LocalRotation.x
      value: 0
      objectReference: {fileID: 0}
    - target: {fileID: 4428249579785420, guid: b35aa3ba0f8aa418eb5fc3f774aeb68c, type: 2}
      propertyPath: m_LocalRotation.y
      value: 0
      objectReference: {fileID: 0}
    - target: {fileID: 4428249579785420, guid: b35aa3ba0f8aa418eb5fc3f774aeb68c, type: 2}
      propertyPath: m_LocalRotation.z
      value: 0
      objectReference: {fileID: 0}
    - target: {fileID: 4428249579785420, guid: b35aa3ba0f8aa418eb5fc3f774aeb68c, type: 2}
      propertyPath: m_LocalRotation.w
      value: 1
      objectReference: {fileID: 0}
    - target: {fileID: 4428249579785420, guid: b35aa3ba0f8aa418eb5fc3f774aeb68c, type: 2}
      propertyPath: m_RootOrder
      value: 3
      objectReference: {fileID: 0}
    - target: {fileID: 1707158686801028, guid: b35aa3ba0f8aa418eb5fc3f774aeb68c, type: 2}
      propertyPath: m_Name
      value: cloud_ (7)
      objectReference: {fileID: 0}
    - target: {fileID: 4428249579785420, guid: b35aa3ba0f8aa418eb5fc3f774aeb68c, type: 2}
      propertyPath: m_LocalScale.x
      value: 2.6155162
      objectReference: {fileID: 0}
    - target: {fileID: 4428249579785420, guid: b35aa3ba0f8aa418eb5fc3f774aeb68c, type: 2}
      propertyPath: m_LocalScale.y
      value: 2.448381
      objectReference: {fileID: 0}
    - target: {fileID: 212682476869471066, guid: b35aa3ba0f8aa418eb5fc3f774aeb68c,
        type: 2}
      propertyPath: m_Color.r
      value: 0
      objectReference: {fileID: 0}
    - target: {fileID: 212682476869471066, guid: b35aa3ba0f8aa418eb5fc3f774aeb68c,
        type: 2}
      propertyPath: m_Color.g
      value: 0
      objectReference: {fileID: 0}
    - target: {fileID: 212682476869471066, guid: b35aa3ba0f8aa418eb5fc3f774aeb68c,
        type: 2}
      propertyPath: m_Color.b
      value: 0
      objectReference: {fileID: 0}
    - target: {fileID: 61123216945449482, guid: b35aa3ba0f8aa418eb5fc3f774aeb68c,
        type: 2}
      propertyPath: m_IsTrigger
      value: 1
      objectReference: {fileID: 0}
    m_RemovedComponents: []
  m_ParentPrefab: {fileID: 100100000, guid: b35aa3ba0f8aa418eb5fc3f774aeb68c, type: 2}
  m_RootGameObject: {fileID: 1394055838}
  m_IsPrefabParent: 0
--- !u!1 &1394055838
GameObject:
  m_ObjectHideFlags: 0
  m_PrefabParentObject: {fileID: 1707158686801028, guid: b35aa3ba0f8aa418eb5fc3f774aeb68c,
    type: 2}
  m_PrefabInternal: {fileID: 1394055837}
  serializedVersion: 5
  m_Component:
  - component: {fileID: 1394055842}
  - component: {fileID: 1394055841}
  - component: {fileID: 1394055840}
  - component: {fileID: 1394055839}
  m_Layer: 0
  m_Name: cloud_ (7)
  m_TagString: Untagged
  m_Icon: {fileID: 0}
  m_NavMeshLayer: 0
  m_StaticEditorFlags: 0
  m_IsActive: 1
--- !u!114 &1394055839
MonoBehaviour:
  m_ObjectHideFlags: 0
  m_PrefabParentObject: {fileID: 0}
  m_PrefabInternal: {fileID: 0}
  m_GameObject: {fileID: 1394055838}
  m_Enabled: 1
  m_EditorHideFlags: 0
  m_Script: {fileID: 11500000, guid: 7de8d38888f564c37a684afa494c8a50, type: 3}
  m_Name: 
  m_EditorClassIdentifier: 
--- !u!61 &1394055840
BoxCollider2D:
  m_ObjectHideFlags: 0
  m_PrefabParentObject: {fileID: 61123216945449482, guid: b35aa3ba0f8aa418eb5fc3f774aeb68c,
    type: 2}
  m_PrefabInternal: {fileID: 1394055837}
  m_GameObject: {fileID: 1394055838}
  m_Enabled: 1
  m_Density: 1
  m_Material: {fileID: 0}
  m_IsTrigger: 1
  m_UsedByEffector: 0
  m_Offset: {x: 0.6, y: -0.8}
  serializedVersion: 2
  m_Size: {x: 14.88, y: 3.5}
--- !u!212 &1394055841
SpriteRenderer:
  m_ObjectHideFlags: 0
  m_PrefabParentObject: {fileID: 212682476869471066, guid: b35aa3ba0f8aa418eb5fc3f774aeb68c,
    type: 2}
  m_PrefabInternal: {fileID: 1394055837}
  m_GameObject: {fileID: 1394055838}
  m_Enabled: 1
  m_CastShadows: 0
  m_ReceiveShadows: 0
  m_MotionVectors: 1
  m_LightProbeUsage: 0
  m_ReflectionProbeUsage: 0
  m_Materials:
  - {fileID: 10754, guid: 0000000000000000f000000000000000, type: 0}
  m_StaticBatchInfo:
    firstSubMesh: 0
    subMeshCount: 0
  m_StaticBatchRoot: {fileID: 0}
  m_ProbeAnchor: {fileID: 0}
  m_LightProbeVolumeOverride: {fileID: 0}
  m_ScaleInLightmap: 1
  m_PreserveUVs: 0
  m_IgnoreNormalsForChartDetection: 0
  m_ImportantGI: 0
  m_SelectedEditorRenderState: 0
  m_MinimumChartSize: 4
  m_AutoUVMaxDistance: 0.5
  m_AutoUVMaxAngle: 89
  m_LightmapParameters: {fileID: 0}
  m_SortingLayerID: 0
  m_SortingOrder: 2
  m_Sprite: {fileID: 21300000, guid: 4c1a4f4cd448b424d8bae64f35095380, type: 3}
  m_Color: {r: 0, g: 0, b: 0, a: 1}
  m_FlipX: 0
  m_FlipY: 0
--- !u!4 &1394055842
Transform:
  m_ObjectHideFlags: 0
  m_PrefabParentObject: {fileID: 4428249579785420, guid: b35aa3ba0f8aa418eb5fc3f774aeb68c,
    type: 2}
  m_PrefabInternal: {fileID: 1394055837}
  m_GameObject: {fileID: 1394055838}
  m_LocalRotation: {x: 0, y: 0, z: 0, w: 1}
  m_LocalPosition: {x: 140.5, y: -14, z: 0}
  m_LocalScale: {x: 2.6155162, y: 2.448381, z: 1}
  m_Children: []
  m_Father: {fileID: 0}
  m_RootOrder: 3
  m_LocalEulerAnglesHint: {x: 0, y: 0, z: 0}
--- !u!1 &1397805192
GameObject:
  m_ObjectHideFlags: 0
  m_PrefabParentObject: {fileID: 1707158686801028, guid: b35aa3ba0f8aa418eb5fc3f774aeb68c,
    type: 2}
  m_PrefabInternal: {fileID: 208995741}
  serializedVersion: 5
  m_Component:
  - component: {fileID: 1397805195}
  - component: {fileID: 1397805194}
  - component: {fileID: 1397805193}
  m_Layer: 0
  m_Name: cloud_ (3)
  m_TagString: Untagged
  m_Icon: {fileID: 0}
  m_NavMeshLayer: 0
  m_StaticEditorFlags: 0
  m_IsActive: 1
--- !u!61 &1397805193
BoxCollider2D:
  m_ObjectHideFlags: 0
  m_PrefabParentObject: {fileID: 61123216945449482, guid: b35aa3ba0f8aa418eb5fc3f774aeb68c,
    type: 2}
  m_PrefabInternal: {fileID: 208995741}
  m_GameObject: {fileID: 1397805192}
  m_Enabled: 1
  m_Density: 1
  m_Material: {fileID: 0}
  m_IsTrigger: 0
  m_UsedByEffector: 0
  m_Offset: {x: 0.6, y: -0.8}
  serializedVersion: 2
  m_Size: {x: 14.88, y: 3.5}
--- !u!212 &1397805194
SpriteRenderer:
  m_ObjectHideFlags: 0
  m_PrefabParentObject: {fileID: 212682476869471066, guid: b35aa3ba0f8aa418eb5fc3f774aeb68c,
    type: 2}
  m_PrefabInternal: {fileID: 208995741}
  m_GameObject: {fileID: 1397805192}
  m_Enabled: 1
  m_CastShadows: 0
  m_ReceiveShadows: 0
  m_MotionVectors: 1
  m_LightProbeUsage: 0
  m_ReflectionProbeUsage: 0
  m_Materials:
  - {fileID: 10754, guid: 0000000000000000f000000000000000, type: 0}
  m_StaticBatchInfo:
    firstSubMesh: 0
    subMeshCount: 0
  m_StaticBatchRoot: {fileID: 0}
  m_ProbeAnchor: {fileID: 0}
  m_LightProbeVolumeOverride: {fileID: 0}
  m_ScaleInLightmap: 1
  m_PreserveUVs: 0
  m_IgnoreNormalsForChartDetection: 0
  m_ImportantGI: 0
  m_SelectedEditorRenderState: 0
  m_MinimumChartSize: 4
  m_AutoUVMaxDistance: 0.5
  m_AutoUVMaxAngle: 89
  m_LightmapParameters: {fileID: 0}
  m_SortingLayerID: 0
  m_SortingOrder: 2
  m_Sprite: {fileID: 21300000, guid: 4c1a4f4cd448b424d8bae64f35095380, type: 3}
  m_Color: {r: 0.7607844, g: 0.7607844, b: 0.7607844, a: 1}
  m_FlipX: 0
  m_FlipY: 0
--- !u!4 &1397805195
Transform:
  m_ObjectHideFlags: 0
  m_PrefabParentObject: {fileID: 4428249579785420, guid: b35aa3ba0f8aa418eb5fc3f774aeb68c,
    type: 2}
  m_PrefabInternal: {fileID: 208995741}
  m_GameObject: {fileID: 1397805192}
  m_LocalRotation: {x: 0, y: 0, z: 0, w: 1}
  m_LocalPosition: {x: 66.1, y: -7.1, z: 0}
  m_LocalScale: {x: 0.51737714, y: 0.74946916, z: 1}
  m_Children: []
  m_Father: {fileID: 0}
  m_RootOrder: 5
  m_LocalEulerAnglesHint: {x: 0, y: 0, z: 0}
--- !u!1001 &1413333598
Prefab:
  m_ObjectHideFlags: 0
  serializedVersion: 2
  m_Modification:
    m_TransformParent: {fileID: 0}
    m_Modifications:
    - target: {fileID: 4428249579785420, guid: b35aa3ba0f8aa418eb5fc3f774aeb68c, type: 2}
      propertyPath: m_LocalPosition.x
      value: 81.2
      objectReference: {fileID: 0}
    - target: {fileID: 4428249579785420, guid: b35aa3ba0f8aa418eb5fc3f774aeb68c, type: 2}
      propertyPath: m_LocalPosition.y
      value: -1
      objectReference: {fileID: 0}
    - target: {fileID: 4428249579785420, guid: b35aa3ba0f8aa418eb5fc3f774aeb68c, type: 2}
      propertyPath: m_LocalPosition.z
      value: 0
      objectReference: {fileID: 0}
    - target: {fileID: 4428249579785420, guid: b35aa3ba0f8aa418eb5fc3f774aeb68c, type: 2}
      propertyPath: m_LocalRotation.x
      value: 0
      objectReference: {fileID: 0}
    - target: {fileID: 4428249579785420, guid: b35aa3ba0f8aa418eb5fc3f774aeb68c, type: 2}
      propertyPath: m_LocalRotation.y
      value: 0
      objectReference: {fileID: 0}
    - target: {fileID: 4428249579785420, guid: b35aa3ba0f8aa418eb5fc3f774aeb68c, type: 2}
      propertyPath: m_LocalRotation.z
      value: 0
      objectReference: {fileID: 0}
    - target: {fileID: 4428249579785420, guid: b35aa3ba0f8aa418eb5fc3f774aeb68c, type: 2}
      propertyPath: m_LocalRotation.w
      value: 1
      objectReference: {fileID: 0}
    - target: {fileID: 4428249579785420, guid: b35aa3ba0f8aa418eb5fc3f774aeb68c, type: 2}
      propertyPath: m_RootOrder
      value: 9
      objectReference: {fileID: 0}
    - target: {fileID: 1707158686801028, guid: b35aa3ba0f8aa418eb5fc3f774aeb68c, type: 2}
      propertyPath: m_Name
      value: cloud_ (4)
      objectReference: {fileID: 0}
    - target: {fileID: 4428249579785420, guid: b35aa3ba0f8aa418eb5fc3f774aeb68c, type: 2}
      propertyPath: m_LocalScale.y
      value: 0.74946916
      objectReference: {fileID: 0}
    - target: {fileID: 4428249579785420, guid: b35aa3ba0f8aa418eb5fc3f774aeb68c, type: 2}
      propertyPath: m_LocalScale.x
      value: 0.51737714
      objectReference: {fileID: 0}
    m_RemovedComponents: []
  m_ParentPrefab: {fileID: 100100000, guid: b35aa3ba0f8aa418eb5fc3f774aeb68c, type: 2}
  m_RootGameObject: {fileID: 269976954}
  m_IsPrefabParent: 0
--- !u!1 &1425403604
GameObject:
  m_ObjectHideFlags: 0
  m_PrefabParentObject: {fileID: 1707158686801028, guid: b35aa3ba0f8aa418eb5fc3f774aeb68c,
    type: 2}
  m_PrefabInternal: {fileID: 2106508689}
  serializedVersion: 5
  m_Component:
  - component: {fileID: 1425403607}
  - component: {fileID: 1425403606}
  - component: {fileID: 1425403605}
  m_Layer: 0
  m_Name: cloud_ (1)
  m_TagString: Untagged
  m_Icon: {fileID: 0}
  m_NavMeshLayer: 0
  m_StaticEditorFlags: 0
  m_IsActive: 1
--- !u!61 &1425403605
BoxCollider2D:
  m_ObjectHideFlags: 0
  m_PrefabParentObject: {fileID: 61123216945449482, guid: b35aa3ba0f8aa418eb5fc3f774aeb68c,
    type: 2}
  m_PrefabInternal: {fileID: 2106508689}
  m_GameObject: {fileID: 1425403604}
  m_Enabled: 1
  m_Density: 1
  m_Material: {fileID: 0}
  m_IsTrigger: 0
  m_UsedByEffector: 0
  m_Offset: {x: 0.6, y: -0.8}
  serializedVersion: 2
  m_Size: {x: 14.88, y: 3.5}
--- !u!212 &1425403606
SpriteRenderer:
  m_ObjectHideFlags: 0
  m_PrefabParentObject: {fileID: 212682476869471066, guid: b35aa3ba0f8aa418eb5fc3f774aeb68c,
    type: 2}
  m_PrefabInternal: {fileID: 2106508689}
  m_GameObject: {fileID: 1425403604}
  m_Enabled: 1
  m_CastShadows: 0
  m_ReceiveShadows: 0
  m_MotionVectors: 1
  m_LightProbeUsage: 0
  m_ReflectionProbeUsage: 0
  m_Materials:
  - {fileID: 10754, guid: 0000000000000000f000000000000000, type: 0}
  m_StaticBatchInfo:
    firstSubMesh: 0
    subMeshCount: 0
  m_StaticBatchRoot: {fileID: 0}
  m_ProbeAnchor: {fileID: 0}
  m_LightProbeVolumeOverride: {fileID: 0}
  m_ScaleInLightmap: 1
  m_PreserveUVs: 0
  m_IgnoreNormalsForChartDetection: 0
  m_ImportantGI: 0
  m_SelectedEditorRenderState: 0
  m_MinimumChartSize: 4
  m_AutoUVMaxDistance: 0.5
  m_AutoUVMaxAngle: 89
  m_LightmapParameters: {fileID: 0}
  m_SortingLayerID: 0
  m_SortingOrder: 2
  m_Sprite: {fileID: 21300000, guid: 4c1a4f4cd448b424d8bae64f35095380, type: 3}
  m_Color: {r: 0.7607844, g: 0.7607844, b: 0.7607844, a: 1}
  m_FlipX: 0
  m_FlipY: 0
--- !u!4 &1425403607
Transform:
  m_ObjectHideFlags: 0
  m_PrefabParentObject: {fileID: 4428249579785420, guid: b35aa3ba0f8aa418eb5fc3f774aeb68c,
    type: 2}
  m_PrefabInternal: {fileID: 2106508689}
  m_GameObject: {fileID: 1425403604}
  m_LocalRotation: {x: 0, y: 0, z: 0, w: 1}
  m_LocalPosition: {x: 33.475285, y: -0.73479825, z: 0}
  m_LocalScale: {x: 1, y: 1, z: 1}
  m_Children: []
  m_Father: {fileID: 0}
  m_RootOrder: 7
  m_LocalEulerAnglesHint: {x: 0, y: 0, z: 0}
--- !u!1001 &1488879190
Prefab:
  m_ObjectHideFlags: 0
  serializedVersion: 2
  m_Modification:
    m_TransformParent: {fileID: 0}
    m_Modifications:
    - target: {fileID: 4428249579785420, guid: b35aa3ba0f8aa418eb5fc3f774aeb68c, type: 2}
      propertyPath: m_LocalPosition.x
      value: 100.5
      objectReference: {fileID: 0}
    - target: {fileID: 4428249579785420, guid: b35aa3ba0f8aa418eb5fc3f774aeb68c, type: 2}
      propertyPath: m_LocalPosition.y
      value: -0
      objectReference: {fileID: 0}
    - target: {fileID: 4428249579785420, guid: b35aa3ba0f8aa418eb5fc3f774aeb68c, type: 2}
      propertyPath: m_LocalPosition.z
      value: 0
      objectReference: {fileID: 0}
    - target: {fileID: 4428249579785420, guid: b35aa3ba0f8aa418eb5fc3f774aeb68c, type: 2}
      propertyPath: m_LocalRotation.x
      value: 0
      objectReference: {fileID: 0}
    - target: {fileID: 4428249579785420, guid: b35aa3ba0f8aa418eb5fc3f774aeb68c, type: 2}
      propertyPath: m_LocalRotation.y
      value: 0
      objectReference: {fileID: 0}
    - target: {fileID: 4428249579785420, guid: b35aa3ba0f8aa418eb5fc3f774aeb68c, type: 2}
      propertyPath: m_LocalRotation.z
      value: 0
      objectReference: {fileID: 0}
    - target: {fileID: 4428249579785420, guid: b35aa3ba0f8aa418eb5fc3f774aeb68c, type: 2}
      propertyPath: m_LocalRotation.w
      value: 1
      objectReference: {fileID: 0}
    - target: {fileID: 4428249579785420, guid: b35aa3ba0f8aa418eb5fc3f774aeb68c, type: 2}
      propertyPath: m_RootOrder
      value: 4
      objectReference: {fileID: 0}
    - target: {fileID: 1707158686801028, guid: b35aa3ba0f8aa418eb5fc3f774aeb68c, type: 2}
      propertyPath: m_Name
      value: cloud_ (6)
      objectReference: {fileID: 0}
    - target: {fileID: 4428249579785420, guid: b35aa3ba0f8aa418eb5fc3f774aeb68c, type: 2}
      propertyPath: m_LocalScale.x
      value: 1.8941219
      objectReference: {fileID: 0}
    - target: {fileID: 4428249579785420, guid: b35aa3ba0f8aa418eb5fc3f774aeb68c, type: 2}
      propertyPath: m_LocalScale.y
      value: 1.1565816
      objectReference: {fileID: 0}
    m_RemovedComponents: []
  m_ParentPrefab: {fileID: 100100000, guid: b35aa3ba0f8aa418eb5fc3f774aeb68c, type: 2}
  m_RootGameObject: {fileID: 1628563687}
  m_IsPrefabParent: 0
--- !u!1 &1501393364
GameObject:
  m_ObjectHideFlags: 0
  m_PrefabParentObject: {fileID: 1707158686801028, guid: b35aa3ba0f8aa418eb5fc3f774aeb68c,
    type: 2}
  m_PrefabInternal: {fileID: 1135797664}
  serializedVersion: 5
  m_Component:
  - component: {fileID: 1501393367}
  - component: {fileID: 1501393366}
  - component: {fileID: 1501393365}
  m_Layer: 0
  m_Name: cloud_
  m_TagString: Untagged
  m_Icon: {fileID: 0}
  m_NavMeshLayer: 0
  m_StaticEditorFlags: 0
  m_IsActive: 1
--- !u!61 &1501393365
BoxCollider2D:
  m_ObjectHideFlags: 0
  m_PrefabParentObject: {fileID: 61123216945449482, guid: b35aa3ba0f8aa418eb5fc3f774aeb68c,
    type: 2}
  m_PrefabInternal: {fileID: 1135797664}
  m_GameObject: {fileID: 1501393364}
  m_Enabled: 1
  m_Density: 1
  m_Material: {fileID: 0}
  m_IsTrigger: 0
  m_UsedByEffector: 0
  m_Offset: {x: 0.6, y: -0.8}
  serializedVersion: 2
  m_Size: {x: 14.88, y: 3.5}
--- !u!212 &1501393366
SpriteRenderer:
  m_ObjectHideFlags: 0
  m_PrefabParentObject: {fileID: 212682476869471066, guid: b35aa3ba0f8aa418eb5fc3f774aeb68c,
    type: 2}
  m_PrefabInternal: {fileID: 1135797664}
  m_GameObject: {fileID: 1501393364}
  m_Enabled: 1
  m_CastShadows: 0
  m_ReceiveShadows: 0
  m_MotionVectors: 1
  m_LightProbeUsage: 0
  m_ReflectionProbeUsage: 0
  m_Materials:
  - {fileID: 10754, guid: 0000000000000000f000000000000000, type: 0}
  m_StaticBatchInfo:
    firstSubMesh: 0
    subMeshCount: 0
  m_StaticBatchRoot: {fileID: 0}
  m_ProbeAnchor: {fileID: 0}
  m_LightProbeVolumeOverride: {fileID: 0}
  m_ScaleInLightmap: 1
  m_PreserveUVs: 0
  m_IgnoreNormalsForChartDetection: 0
  m_ImportantGI: 0
  m_SelectedEditorRenderState: 0
  m_MinimumChartSize: 4
  m_AutoUVMaxDistance: 0.5
  m_AutoUVMaxAngle: 89
  m_LightmapParameters: {fileID: 0}
  m_SortingLayerID: 0
  m_SortingOrder: 2
  m_Sprite: {fileID: 21300000, guid: 4c1a4f4cd448b424d8bae64f35095380, type: 3}
  m_Color: {r: 0.7607844, g: 0.7607844, b: 0.7607844, a: 1}
  m_FlipX: 0
  m_FlipY: 0
--- !u!4 &1501393367
Transform:
  m_ObjectHideFlags: 0
  m_PrefabParentObject: {fileID: 4428249579785420, guid: b35aa3ba0f8aa418eb5fc3f774aeb68c,
    type: 2}
  m_PrefabInternal: {fileID: 1135797664}
  m_GameObject: {fileID: 1501393364}
  m_LocalRotation: {x: 0, y: 0, z: 0, w: 1}
  m_LocalPosition: {x: -5.23, y: -9.69, z: 0}
  m_LocalScale: {x: 1, y: 1, z: 1}
  m_Children: []
  m_Father: {fileID: 0}
  m_RootOrder: 8
  m_LocalEulerAnglesHint: {x: 0, y: 0, z: 0}
--- !u!1 &1625363987
GameObject:
  m_ObjectHideFlags: 0
  m_PrefabParentObject: {fileID: 1707158686801028, guid: b35aa3ba0f8aa418eb5fc3f774aeb68c,
    type: 2}
  m_PrefabInternal: {fileID: 941714161}
  serializedVersion: 5
  m_Component:
  - component: {fileID: 1625363990}
  - component: {fileID: 1625363989}
  - component: {fileID: 1625363988}
  m_Layer: 9
  m_Name: cloud_ (8)
  m_TagString: Untagged
  m_Icon: {fileID: 0}
  m_NavMeshLayer: 0
  m_StaticEditorFlags: 0
  m_IsActive: 1
--- !u!61 &1625363988
BoxCollider2D:
  m_ObjectHideFlags: 0
  m_PrefabParentObject: {fileID: 61123216945449482, guid: b35aa3ba0f8aa418eb5fc3f774aeb68c,
    type: 2}
  m_PrefabInternal: {fileID: 941714161}
  m_GameObject: {fileID: 1625363987}
  m_Enabled: 1
  m_Density: 1
  m_Material: {fileID: 0}
  m_IsTrigger: 0
  m_UsedByEffector: 0
  m_Offset: {x: 0.6, y: -0.8}
  serializedVersion: 2
  m_Size: {x: 14.88, y: 3.5}
--- !u!212 &1625363989
SpriteRenderer:
  m_ObjectHideFlags: 0
  m_PrefabParentObject: {fileID: 212682476869471066, guid: b35aa3ba0f8aa418eb5fc3f774aeb68c,
    type: 2}
  m_PrefabInternal: {fileID: 941714161}
  m_GameObject: {fileID: 1625363987}
  m_Enabled: 1
  m_CastShadows: 0
  m_ReceiveShadows: 0
  m_MotionVectors: 1
  m_LightProbeUsage: 0
  m_ReflectionProbeUsage: 0
  m_Materials:
  - {fileID: 10754, guid: 0000000000000000f000000000000000, type: 0}
  m_StaticBatchInfo:
    firstSubMesh: 0
    subMeshCount: 0
  m_StaticBatchRoot: {fileID: 0}
  m_ProbeAnchor: {fileID: 0}
  m_LightProbeVolumeOverride: {fileID: 0}
  m_ScaleInLightmap: 1
  m_PreserveUVs: 0
  m_IgnoreNormalsForChartDetection: 0
  m_ImportantGI: 0
  m_SelectedEditorRenderState: 0
  m_MinimumChartSize: 4
  m_AutoUVMaxDistance: 0.5
  m_AutoUVMaxAngle: 89
  m_LightmapParameters: {fileID: 0}
  m_SortingLayerID: 0
  m_SortingOrder: 2
  m_Sprite: {fileID: 21300000, guid: 4c1a4f4cd448b424d8bae64f35095380, type: 3}
  m_Color: {r: 0.7607844, g: 0.7607844, b: 0.7607844, a: 1}
  m_FlipX: 0
  m_FlipY: 0
--- !u!4 &1625363990
Transform:
  m_ObjectHideFlags: 0
  m_PrefabParentObject: {fileID: 4428249579785420, guid: b35aa3ba0f8aa418eb5fc3f774aeb68c,
    type: 2}
  m_PrefabInternal: {fileID: 941714161}
  m_GameObject: {fileID: 1625363987}
  m_LocalRotation: {x: 0, y: 0, z: 0, w: 1}
  m_LocalPosition: {x: 14.862118, y: 1.048873, z: 0}
  m_LocalScale: {x: 1, y: 1, z: 1}
  m_Children: []
  m_Father: {fileID: 0}
  m_RootOrder: 1
  m_LocalEulerAnglesHint: {x: 0, y: 0, z: 0}
--- !u!1 &1628563687
GameObject:
  m_ObjectHideFlags: 0
  m_PrefabParentObject: {fileID: 1707158686801028, guid: b35aa3ba0f8aa418eb5fc3f774aeb68c,
    type: 2}
  m_PrefabInternal: {fileID: 1488879190}
  serializedVersion: 5
  m_Component:
  - component: {fileID: 1628563690}
  - component: {fileID: 1628563689}
  - component: {fileID: 1628563688}
  m_Layer: 0
  m_Name: cloud_ (6)
  m_TagString: Untagged
  m_Icon: {fileID: 0}
  m_NavMeshLayer: 0
  m_StaticEditorFlags: 0
  m_IsActive: 1
--- !u!61 &1628563688
BoxCollider2D:
  m_ObjectHideFlags: 0
  m_PrefabParentObject: {fileID: 61123216945449482, guid: b35aa3ba0f8aa418eb5fc3f774aeb68c,
    type: 2}
  m_PrefabInternal: {fileID: 1488879190}
  m_GameObject: {fileID: 1628563687}
  m_Enabled: 1
  m_Density: 1
  m_Material: {fileID: 0}
  m_IsTrigger: 0
  m_UsedByEffector: 0
  m_Offset: {x: 0.6, y: -0.8}
  serializedVersion: 2
  m_Size: {x: 14.88, y: 3.5}
--- !u!212 &1628563689
SpriteRenderer:
  m_ObjectHideFlags: 0
  m_PrefabParentObject: {fileID: 212682476869471066, guid: b35aa3ba0f8aa418eb5fc3f774aeb68c,
    type: 2}
  m_PrefabInternal: {fileID: 1488879190}
  m_GameObject: {fileID: 1628563687}
  m_Enabled: 1
  m_CastShadows: 0
  m_ReceiveShadows: 0
  m_MotionVectors: 1
  m_LightProbeUsage: 0
  m_ReflectionProbeUsage: 0
  m_Materials:
  - {fileID: 10754, guid: 0000000000000000f000000000000000, type: 0}
  m_StaticBatchInfo:
    firstSubMesh: 0
    subMeshCount: 0
  m_StaticBatchRoot: {fileID: 0}
  m_ProbeAnchor: {fileID: 0}
  m_LightProbeVolumeOverride: {fileID: 0}
  m_ScaleInLightmap: 1
  m_PreserveUVs: 0
  m_IgnoreNormalsForChartDetection: 0
  m_ImportantGI: 0
  m_SelectedEditorRenderState: 0
  m_MinimumChartSize: 4
  m_AutoUVMaxDistance: 0.5
  m_AutoUVMaxAngle: 89
  m_LightmapParameters: {fileID: 0}
  m_SortingLayerID: 0
  m_SortingOrder: 2
  m_Sprite: {fileID: 21300000, guid: 4c1a4f4cd448b424d8bae64f35095380, type: 3}
  m_Color: {r: 0.7607844, g: 0.7607844, b: 0.7607844, a: 1}
  m_FlipX: 0
  m_FlipY: 0
--- !u!4 &1628563690
Transform:
  m_ObjectHideFlags: 0
  m_PrefabParentObject: {fileID: 4428249579785420, guid: b35aa3ba0f8aa418eb5fc3f774aeb68c,
    type: 2}
  m_PrefabInternal: {fileID: 1488879190}
  m_GameObject: {fileID: 1628563687}
  m_LocalRotation: {x: 0, y: 0, z: 0, w: 1}
  m_LocalPosition: {x: 100.5, y: -0, z: 0}
  m_LocalScale: {x: 1.8941219, y: 1.1565816, z: 1}
  m_Children: []
  m_Father: {fileID: 0}
  m_RootOrder: 4
  m_LocalEulerAnglesHint: {x: 0, y: 0, z: 0}
--- !u!1 &1668096954
GameObject:
  m_ObjectHideFlags: 0
  m_PrefabParentObject: {fileID: 1780571286484152, guid: 8cfb56ec2b60a4771a4f981425a6ee7b,
    type: 2}
  m_PrefabInternal: {fileID: 0}
  serializedVersion: 5
  m_Component:
  - component: {fileID: 1668096955}
  - component: {fileID: 1668096957}
  - component: {fileID: 1668096956}
  m_Layer: 5
  m_Name: Health System
  m_TagString: Untagged
  m_Icon: {fileID: 0}
  m_NavMeshLayer: 0
  m_StaticEditorFlags: 0
  m_IsActive: 1
--- !u!224 &1668096955
RectTransform:
  m_ObjectHideFlags: 0
  m_PrefabParentObject: {fileID: 224653720455595938, guid: 8cfb56ec2b60a4771a4f981425a6ee7b,
    type: 2}
  m_PrefabInternal: {fileID: 0}
  m_GameObject: {fileID: 1668096954}
  m_LocalRotation: {x: 0, y: 0, z: 0, w: 1}
  m_LocalPosition: {x: 0, y: 0, z: 0}
  m_LocalScale: {x: 1, y: 1, z: 1}
  m_Children: []
  m_Father: {fileID: 1291077227}
  m_RootOrder: 0
  m_LocalEulerAnglesHint: {x: 0, y: 0, z: 0}
  m_AnchorMin: {x: 0, y: 1}
  m_AnchorMax: {x: 0, y: 1}
  m_AnchoredPosition: {x: 72, y: -29}
  m_SizeDelta: {x: 144, y: 40}
  m_Pivot: {x: 0.5, y: 0.5}
--- !u!114 &1668096956
MonoBehaviour:
  m_ObjectHideFlags: 0
  m_PrefabParentObject: {fileID: 114469100813220886, guid: 8cfb56ec2b60a4771a4f981425a6ee7b,
    type: 2}
  m_PrefabInternal: {fileID: 0}
  m_GameObject: {fileID: 1668096954}
  m_Enabled: 1
  m_EditorHideFlags: 0
  m_Script: {fileID: -765806418, guid: f70555f144d8491a825f0804e09c671c, type: 3}
  m_Name: 
  m_EditorClassIdentifier: 
  m_Material: {fileID: 0}
  m_Color: {r: 1, g: 1, b: 1, a: 1}
  m_RaycastTarget: 1
  m_OnCullStateChanged:
    m_PersistentCalls:
      m_Calls: []
    m_TypeName: UnityEngine.UI.MaskableGraphic+CullStateChangedEvent, UnityEngine.UI,
      Version=1.0.0.0, Culture=neutral, PublicKeyToken=null
  m_Sprite: {fileID: 21300000, guid: 9c160b2f004b74be6ad0b58fd4402ea0, type: 3}
  m_Type: 0
  m_PreserveAspect: 0
  m_FillCenter: 1
  m_FillMethod: 4
  m_FillAmount: 1
  m_FillClockwise: 1
  m_FillOrigin: 0
--- !u!222 &1668096957
CanvasRenderer:
  m_ObjectHideFlags: 0
  m_PrefabParentObject: {fileID: 222514855814709424, guid: 8cfb56ec2b60a4771a4f981425a6ee7b,
    type: 2}
  m_PrefabInternal: {fileID: 0}
  m_GameObject: {fileID: 1668096954}
--- !u!1 &1697671092
GameObject:
  m_ObjectHideFlags: 0
  m_PrefabParentObject: {fileID: 1472063264383862, guid: 8cfb56ec2b60a4771a4f981425a6ee7b,
    type: 2}
  m_PrefabInternal: {fileID: 0}
  serializedVersion: 5
  m_Component:
  - component: {fileID: 1697671100}
  - component: {fileID: 1697671099}
  - component: {fileID: 1697671098}
  - component: {fileID: 1697671097}
  - component: {fileID: 1697671096}
  - component: {fileID: 1697671095}
  - component: {fileID: 1697671094}
  - component: {fileID: 1697671093}
  m_Layer: 0
  m_Name: freud
  m_TagString: Player
  m_Icon: {fileID: 0}
  m_NavMeshLayer: 0
  m_StaticEditorFlags: 0
  m_IsActive: 1
--- !u!111 &1697671093
Animation:
  m_ObjectHideFlags: 0
  m_PrefabParentObject: {fileID: 111820264403809448, guid: 8cfb56ec2b60a4771a4f981425a6ee7b,
    type: 2}
  m_PrefabInternal: {fileID: 0}
  m_GameObject: {fileID: 1697671092}
  m_Enabled: 1
  serializedVersion: 3
  m_Animation: {fileID: 7400000, guid: 961bad4efec82418da3ac281d9dc5bd1, type: 2}
  m_Animations:
  - {fileID: 7400000, guid: feef127f7608741d5b14b9ddceffae16, type: 2}
  - {fileID: 7400000, guid: 961bad4efec82418da3ac281d9dc5bd1, type: 2}
  m_WrapMode: 0
  m_PlayAutomatically: 0
  m_AnimatePhysics: 0
  m_CullingType: 0
--- !u!50 &1697671094
Rigidbody2D:
  serializedVersion: 4
  m_ObjectHideFlags: 0
  m_PrefabParentObject: {fileID: 50101695753933660, guid: 8cfb56ec2b60a4771a4f981425a6ee7b,
    type: 2}
  m_PrefabInternal: {fileID: 0}
  m_GameObject: {fileID: 1697671092}
  m_BodyType: 0
  m_Simulated: 1
  m_UseFullKinematicContacts: 0
  m_UseAutoMass: 0
  m_Mass: 2
  m_LinearDrag: 0
  m_AngularDrag: 0.05
  m_GravityScale: 1
  m_Material: {fileID: 0}
  m_Interpolate: 1
  m_SleepingMode: 1
  m_CollisionDetection: 1
  m_Constraints: 4
--- !u!61 &1697671095
BoxCollider2D:
  m_ObjectHideFlags: 0
  m_PrefabParentObject: {fileID: 61448701375378850, guid: 8cfb56ec2b60a4771a4f981425a6ee7b,
    type: 2}
  m_PrefabInternal: {fileID: 0}
  m_GameObject: {fileID: 1697671092}
  m_Enabled: 1
  m_Density: 1
  m_Material: {fileID: 0}
  m_IsTrigger: 1
  m_UsedByEffector: 0
  m_Offset: {x: 0, y: 0}
  serializedVersion: 2
  m_Size: {x: 2, y: 3.5}
--- !u!114 &1697671096
MonoBehaviour:
  m_ObjectHideFlags: 0
  m_PrefabParentObject: {fileID: 114357299532378194, guid: 8cfb56ec2b60a4771a4f981425a6ee7b,
    type: 2}
  m_PrefabInternal: {fileID: 0}
  m_GameObject: {fileID: 1697671092}
  m_Enabled: 1
  m_EditorHideFlags: 0
  m_Script: {fileID: 11500000, guid: 5724993215dc34ec586c1833eee43da3, type: 3}
  m_Name: 
  m_EditorClassIdentifier: 
  maxSpeed: 17500
  Speed: 150
  JumpForce: 15
  Grounded: 1
  jumping: {fileID: 8300000, guid: 974c6eb76885e409f8d28dec59d6b8b1, type: 3}
  coinCollect: {fileID: 8300000, guid: 78bfdbea99f86485ab2aa2ae9c7f907f, type: 3}
  curHealth: 3
  maxhealth: 3
  damageSfx: {fileID: 8300000, guid: 914fe342ad48d4670804ad5d3f4d944d, type: 3}
  firePoint: {fileID: 1104007011}
  cigar: {fileID: 1776161905897098, guid: 7965a75bca9894940a1b8b6be5842706, type: 2}
  Attack: 0
  hurt: 0
  duration: 0
  respawnPoint: {x: 0, y: 0, z: 0}
--- !u!82 &1697671097
AudioSource:
  m_ObjectHideFlags: 0
  m_PrefabParentObject: {fileID: 82988083282210988, guid: 8cfb56ec2b60a4771a4f981425a6ee7b,
    type: 2}
  m_PrefabInternal: {fileID: 0}
  m_GameObject: {fileID: 1697671092}
  m_Enabled: 1
  serializedVersion: 4
  OutputAudioMixerGroup: {fileID: 0}
  m_audioClip: {fileID: 8300000, guid: 06efc99a909e34b05ae337929206b0d2, type: 3}
  m_PlayOnAwake: 1
  m_Volume: 1
  m_Pitch: 1
  Loop: 0
  Mute: 0
  Spatialize: 0
  SpatializePostEffects: 0
  Priority: 128
  DopplerLevel: 1
  MinDistance: 0.09520912
  MaxDistance: 500
  Pan2D: 0
  rolloffMode: 0
  BypassEffects: 0
  BypassListenerEffects: 0
  BypassReverbZones: 0
  rolloffCustomCurve:
    serializedVersion: 2
    m_Curve:
    - serializedVersion: 2
      time: 0
      value: 1
      inSlope: 0
      outSlope: 0
      tangentMode: 0
    - serializedVersion: 2
      time: 1
      value: 0
      inSlope: 0
      outSlope: 0
      tangentMode: 0
    m_PreInfinity: 2
    m_PostInfinity: 2
    m_RotationOrder: 4
  panLevelCustomCurve:
    serializedVersion: 2
    m_Curve:
    - serializedVersion: 2
      time: 0
      value: 0
      inSlope: 0
      outSlope: 0
      tangentMode: 0
    m_PreInfinity: 2
    m_PostInfinity: 2
    m_RotationOrder: 0
  spreadCustomCurve:
    serializedVersion: 2
    m_Curve:
    - serializedVersion: 2
      time: 0
      value: 0
      inSlope: 0
      outSlope: 0
      tangentMode: 0
    m_PreInfinity: 2
    m_PostInfinity: 2
    m_RotationOrder: 4
  reverbZoneMixCustomCurve:
    serializedVersion: 2
    m_Curve:
    - serializedVersion: 2
      time: 0
      value: 1
      inSlope: 0
      outSlope: 0
      tangentMode: 0
    m_PreInfinity: 2
    m_PostInfinity: 2
    m_RotationOrder: 0
--- !u!95 &1697671098
Animator:
  serializedVersion: 3
  m_ObjectHideFlags: 0
  m_PrefabParentObject: {fileID: 95468097201397996, guid: 8cfb56ec2b60a4771a4f981425a6ee7b,
    type: 2}
  m_PrefabInternal: {fileID: 0}
  m_GameObject: {fileID: 1697671092}
  m_Enabled: 1
  m_Avatar: {fileID: 0}
  m_Controller: {fileID: 9100000, guid: 4764f7accb61a49548d958ef664b9b22, type: 2}
  m_CullingMode: 0
  m_UpdateMode: 0
  m_ApplyRootMotion: 0
  m_LinearVelocityBlending: 0
  m_WarningMessage: 
  m_HasTransformHierarchy: 1
  m_AllowConstantClipSamplingOptimization: 1
--- !u!212 &1697671099
SpriteRenderer:
  m_ObjectHideFlags: 0
  m_PrefabParentObject: {fileID: 212342972272996560, guid: 8cfb56ec2b60a4771a4f981425a6ee7b,
    type: 2}
  m_PrefabInternal: {fileID: 0}
  m_GameObject: {fileID: 1697671092}
  m_Enabled: 1
  m_CastShadows: 0
  m_ReceiveShadows: 0
  m_MotionVectors: 1
  m_LightProbeUsage: 0
  m_ReflectionProbeUsage: 0
  m_Materials:
  - {fileID: 10754, guid: 0000000000000000f000000000000000, type: 0}
  m_StaticBatchInfo:
    firstSubMesh: 0
    subMeshCount: 0
  m_StaticBatchRoot: {fileID: 0}
  m_ProbeAnchor: {fileID: 0}
  m_LightProbeVolumeOverride: {fileID: 0}
  m_ScaleInLightmap: 1
  m_PreserveUVs: 0
  m_IgnoreNormalsForChartDetection: 0
  m_ImportantGI: 0
  m_SelectedEditorRenderState: 0
  m_MinimumChartSize: 4
  m_AutoUVMaxDistance: 0.5
  m_AutoUVMaxAngle: 89
  m_LightmapParameters: {fileID: 0}
  m_SortingLayerID: 0
  m_SortingOrder: 2
  m_Sprite: {fileID: 21300012, guid: 7b5d7c3803c174de3acea194e6c36664, type: 3}
  m_Color: {r: 1, g: 1, b: 1, a: 1}
  m_FlipX: 0
  m_FlipY: 0
--- !u!4 &1697671100
Transform:
  m_ObjectHideFlags: 0
  m_PrefabParentObject: {fileID: 4909525401067142, guid: 8cfb56ec2b60a4771a4f981425a6ee7b,
    type: 2}
  m_PrefabInternal: {fileID: 0}
  m_GameObject: {fileID: 1697671092}
  m_LocalRotation: {x: 0, y: 0, z: 0, w: 1}
  m_LocalPosition: {x: 10.4, y: 8.4, z: 0}
  m_LocalScale: {x: 1, y: 1, z: 1}
  m_Children:
  - {fileID: 1178068012}
  - {fileID: 371920434}
  - {fileID: 1104007011}
  - {fileID: 577025874}
  - {fileID: 1280147365}
  - {fileID: 1950881387}
  m_Father: {fileID: 0}
  m_RootOrder: 0
  m_LocalEulerAnglesHint: {x: 0, y: 0, z: 0}
--- !u!1 &1781155267
GameObject:
  m_ObjectHideFlags: 0
  m_PrefabParentObject: {fileID: 1002922261301778, guid: 8cfb56ec2b60a4771a4f981425a6ee7b,
    type: 2}
  m_PrefabInternal: {fileID: 0}
  serializedVersion: 5
  m_Component:
  - component: {fileID: 1781155268}
  - component: {fileID: 1781155269}
  m_Layer: 0
  m_Name: GameMaster
  m_TagString: GameMaster
  m_Icon: {fileID: 0}
  m_NavMeshLayer: 0
  m_StaticEditorFlags: 0
  m_IsActive: 1
--- !u!224 &1781155268
RectTransform:
  m_ObjectHideFlags: 0
  m_PrefabParentObject: {fileID: 224503121953801376, guid: 8cfb56ec2b60a4771a4f981425a6ee7b,
    type: 2}
  m_PrefabInternal: {fileID: 0}
  m_GameObject: {fileID: 1781155267}
  m_LocalRotation: {x: -0, y: -0, z: -0, w: 1}
  m_LocalPosition: {x: 0, y: 0, z: 0}
  m_LocalScale: {x: 3.2918258, y: 2.1854277, z: 1}
  m_Children: []
  m_Father: {fileID: 84339050}
  m_RootOrder: 0
  m_LocalEulerAnglesHint: {x: 0, y: 0, z: 0}
  m_AnchorMin: {x: 0.31852913, y: 0}
  m_AnchorMax: {x: 0.5, y: 0.5}
  m_AnchoredPosition: {x: -300.7, y: -203.8}
  m_SizeDelta: {x: 81, y: 76}
  m_Pivot: {x: 0.5, y: 0.5}
--- !u!114 &1781155269
MonoBehaviour:
  m_ObjectHideFlags: 0
  m_PrefabParentObject: {fileID: 114992068036954432, guid: 8cfb56ec2b60a4771a4f981425a6ee7b,
    type: 2}
  m_PrefabInternal: {fileID: 0}
  m_GameObject: {fileID: 1781155267}
  m_Enabled: 1
  m_EditorHideFlags: 0
  m_Script: {fileID: 11500000, guid: 754784df5ec0743aca2925db1c9b8391, type: 3}
  m_Name: 
  m_EditorClassIdentifier: 
  points: 0
  pointsText: {fileID: 84339051}
--- !u!1 &1865979081
GameObject:
  m_ObjectHideFlags: 0
  m_PrefabParentObject: {fileID: 1707158686801028, guid: b35aa3ba0f8aa418eb5fc3f774aeb68c,
    type: 2}
  m_PrefabInternal: {fileID: 1001259372}
  serializedVersion: 5
  m_Component:
  - component: {fileID: 1865979084}
  - component: {fileID: 1865979083}
  - component: {fileID: 1865979082}
  m_Layer: 0
  m_Name: cloud_ (5)
  m_TagString: Untagged
  m_Icon: {fileID: 0}
  m_NavMeshLayer: 0
  m_StaticEditorFlags: 0
  m_IsActive: 1
--- !u!61 &1865979082
BoxCollider2D:
  m_ObjectHideFlags: 0
  m_PrefabParentObject: {fileID: 61123216945449482, guid: b35aa3ba0f8aa418eb5fc3f774aeb68c,
    type: 2}
  m_PrefabInternal: {fileID: 1001259372}
  m_GameObject: {fileID: 1865979081}
  m_Enabled: 1
  m_Density: 1
  m_Material: {fileID: 0}
  m_IsTrigger: 0
  m_UsedByEffector: 0
  m_Offset: {x: 0.6, y: -0.8}
  serializedVersion: 2
  m_Size: {x: 14.88, y: 3.5}
--- !u!212 &1865979083
SpriteRenderer:
  m_ObjectHideFlags: 0
  m_PrefabParentObject: {fileID: 212682476869471066, guid: b35aa3ba0f8aa418eb5fc3f774aeb68c,
    type: 2}
  m_PrefabInternal: {fileID: 1001259372}
  m_GameObject: {fileID: 1865979081}
  m_Enabled: 1
  m_CastShadows: 0
  m_ReceiveShadows: 0
  m_MotionVectors: 1
  m_LightProbeUsage: 0
  m_ReflectionProbeUsage: 0
  m_Materials:
  - {fileID: 10754, guid: 0000000000000000f000000000000000, type: 0}
  m_StaticBatchInfo:
    firstSubMesh: 0
    subMeshCount: 0
  m_StaticBatchRoot: {fileID: 0}
  m_ProbeAnchor: {fileID: 0}
  m_LightProbeVolumeOverride: {fileID: 0}
  m_ScaleInLightmap: 1
  m_PreserveUVs: 0
  m_IgnoreNormalsForChartDetection: 0
  m_ImportantGI: 0
  m_SelectedEditorRenderState: 0
  m_MinimumChartSize: 4
  m_AutoUVMaxDistance: 0.5
  m_AutoUVMaxAngle: 89
  m_LightmapParameters: {fileID: 0}
  m_SortingLayerID: 0
  m_SortingOrder: 2
  m_Sprite: {fileID: 21300000, guid: 4c1a4f4cd448b424d8bae64f35095380, type: 3}
  m_Color: {r: 0.7607844, g: 0.7607844, b: 0.7607844, a: 1}
  m_FlipX: 0
  m_FlipY: 0
--- !u!4 &1865979084
Transform:
  m_ObjectHideFlags: 0
  m_PrefabParentObject: {fileID: 4428249579785420, guid: b35aa3ba0f8aa418eb5fc3f774aeb68c,
    type: 2}
  m_PrefabInternal: {fileID: 1001259372}
  m_GameObject: {fileID: 1865979081}
  m_LocalRotation: {x: 0, y: 0, z: 0, w: 1}
  m_LocalPosition: {x: 73.7, y: -4.3, z: 0}
  m_LocalScale: {x: 0.51737714, y: 0.74946916, z: 1}
  m_Children: []
  m_Father: {fileID: 0}
  m_RootOrder: 10
  m_LocalEulerAnglesHint: {x: 0, y: 0, z: 0}
--- !u!1 &1950881386
GameObject:
  m_ObjectHideFlags: 0
  m_PrefabParentObject: {fileID: 1547743805891084, guid: 8cfb56ec2b60a4771a4f981425a6ee7b,
    type: 2}
  m_PrefabInternal: {fileID: 0}
  serializedVersion: 5
  m_Component:
  - component: {fileID: 1950881387}
  - component: {fileID: 1950881393}
  - component: {fileID: 1950881392}
  - component: {fileID: 1950881391}
  - component: {fileID: 1950881390}
  - component: {fileID: 1950881389}
  - component: {fileID: 1950881388}
  m_Layer: 0
  m_Name: Main Camera
  m_TagString: MainCamera
  m_Icon: {fileID: 0}
  m_NavMeshLayer: 0
  m_StaticEditorFlags: 0
  m_IsActive: 1
--- !u!4 &1950881387
Transform:
  m_ObjectHideFlags: 0
  m_PrefabParentObject: {fileID: 4648737935773434, guid: 8cfb56ec2b60a4771a4f981425a6ee7b,
    type: 2}
  m_PrefabInternal: {fileID: 0}
  m_GameObject: {fileID: 1950881386}
  m_LocalRotation: {x: -0, y: -0, z: -0, w: 1}
  m_LocalPosition: {x: -0.083461046, y: 0.5662814, z: -8.550001}
  m_LocalScale: {x: 1.7253424, y: 1.3584185, z: 1.0263}
  m_Children:
  - {fileID: 1291077227}
  m_Father: {fileID: 1697671100}
  m_RootOrder: 5
  m_LocalEulerAnglesHint: {x: 0, y: 0, z: 0}
--- !u!114 &1950881388
MonoBehaviour:
  m_ObjectHideFlags: 0
  m_PrefabParentObject: {fileID: 114465882428644102, guid: 8cfb56ec2b60a4771a4f981425a6ee7b,
    type: 2}
  m_PrefabInternal: {fileID: 0}
  m_GameObject: {fileID: 1950881386}
  m_Enabled: 1
  m_EditorHideFlags: 0
  m_Script: {fileID: 11500000, guid: 010f57bdce2a14e52bc6ceed25785adf, type: 3}
  m_Name: 
  m_EditorClassIdentifier: 
  img0: {fileID: 21300008, guid: 9c160b2f004b74be6ad0b58fd4402ea0, type: 3}
  img1: {fileID: 21300004, guid: 9c160b2f004b74be6ad0b58fd4402ea0, type: 3}
  img2: {fileID: 21300006, guid: 9c160b2f004b74be6ad0b58fd4402ea0, type: 3}
  img3: {fileID: 21300000, guid: 9c160b2f004b74be6ad0b58fd4402ea0, type: 3}
  HeartUI: {fileID: 1668096956}
--- !u!114 &1950881389
MonoBehaviour:
  m_ObjectHideFlags: 0
  m_PrefabParentObject: {fileID: 114668080439836180, guid: 8cfb56ec2b60a4771a4f981425a6ee7b,
    type: 2}
  m_PrefabInternal: {fileID: 0}
  m_GameObject: {fileID: 1950881386}
  m_Enabled: 1
  m_EditorHideFlags: 0
  m_Script: {fileID: 11500000, guid: 2a9365009ebb84bf78a6236d7d2d5a97, type: 3}
  m_Name: 
  m_EditorClassIdentifier: 
  dampTime: 0.15
  target: {fileID: 0}
  bounds: 0
  minCameraPos: {x: 0, y: 0, z: 0}
  maxCameraPos: {x: 0, y: 0, z: 0}
--- !u!81 &1950881390
AudioListener:
  m_ObjectHideFlags: 0
  m_PrefabParentObject: {fileID: 81091606100390834, guid: 8cfb56ec2b60a4771a4f981425a6ee7b,
    type: 2}
  m_PrefabInternal: {fileID: 0}
  m_GameObject: {fileID: 1950881386}
  m_Enabled: 1
--- !u!124 &1950881391
Behaviour:
  m_ObjectHideFlags: 0
  m_PrefabParentObject: {fileID: 124201528351473962, guid: 8cfb56ec2b60a4771a4f981425a6ee7b,
    type: 2}
  m_PrefabInternal: {fileID: 0}
  m_GameObject: {fileID: 1950881386}
  m_Enabled: 1
--- !u!92 &1950881392
Behaviour:
  m_ObjectHideFlags: 0
  m_PrefabParentObject: {fileID: 92495260977041256, guid: 8cfb56ec2b60a4771a4f981425a6ee7b,
    type: 2}
  m_PrefabInternal: {fileID: 0}
  m_GameObject: {fileID: 1950881386}
  m_Enabled: 1
--- !u!20 &1950881393
Camera:
  m_ObjectHideFlags: 0
  m_PrefabParentObject: {fileID: 20143701776690604, guid: 8cfb56ec2b60a4771a4f981425a6ee7b,
    type: 2}
  m_PrefabInternal: {fileID: 0}
  m_GameObject: {fileID: 1950881386}
  m_Enabled: 1
  serializedVersion: 2
  m_ClearFlags: 1
  m_BackGroundColor: {r: 0.27450982, g: 0.27450982, b: 0.74509805, a: 0}
  m_NormalizedViewPortRect:
    serializedVersion: 2
    x: 0
    y: 0
    width: 1
    height: 2
  near clip plane: 0.3
  far clip plane: 1000
  field of view: 17
  orthographic: 1
  orthographic size: 8.018293
  m_Depth: 1
  m_CullingMask:
    serializedVersion: 2
    m_Bits: 4294967295
  m_RenderingPath: -1
  m_TargetTexture: {fileID: 0}
  m_TargetDisplay: 0
  m_TargetEye: 3
  m_HDR: 0
  m_OcclusionCulling: 1
  m_StereoConvergence: 10
  m_StereoSeparation: 0.022
  m_StereoMirrorMode: 0
--- !u!1001 &2106508689
Prefab:
  m_ObjectHideFlags: 0
  serializedVersion: 2
  m_Modification:
    m_TransformParent: {fileID: 0}
    m_Modifications:
    - target: {fileID: 4428249579785420, guid: b35aa3ba0f8aa418eb5fc3f774aeb68c, type: 2}
      propertyPath: m_LocalPosition.x
      value: 33.475285
      objectReference: {fileID: 0}
    - target: {fileID: 4428249579785420, guid: b35aa3ba0f8aa418eb5fc3f774aeb68c, type: 2}
      propertyPath: m_LocalPosition.y
      value: -0.73479825
      objectReference: {fileID: 0}
    - target: {fileID: 4428249579785420, guid: b35aa3ba0f8aa418eb5fc3f774aeb68c, type: 2}
      propertyPath: m_LocalPosition.z
      value: 0
      objectReference: {fileID: 0}
    - target: {fileID: 4428249579785420, guid: b35aa3ba0f8aa418eb5fc3f774aeb68c, type: 2}
      propertyPath: m_LocalRotation.x
      value: 0
      objectReference: {fileID: 0}
    - target: {fileID: 4428249579785420, guid: b35aa3ba0f8aa418eb5fc3f774aeb68c, type: 2}
      propertyPath: m_LocalRotation.y
      value: 0
      objectReference: {fileID: 0}
    - target: {fileID: 4428249579785420, guid: b35aa3ba0f8aa418eb5fc3f774aeb68c, type: 2}
      propertyPath: m_LocalRotation.z
      value: 0
      objectReference: {fileID: 0}
    - target: {fileID: 4428249579785420, guid: b35aa3ba0f8aa418eb5fc3f774aeb68c, type: 2}
      propertyPath: m_LocalRotation.w
      value: 1
      objectReference: {fileID: 0}
    - target: {fileID: 4428249579785420, guid: b35aa3ba0f8aa418eb5fc3f774aeb68c, type: 2}
      propertyPath: m_RootOrder
      value: 7
      objectReference: {fileID: 0}
    - target: {fileID: 1707158686801028, guid: b35aa3ba0f8aa418eb5fc3f774aeb68c, type: 2}
      propertyPath: m_Name
      value: cloud_ (1)
      objectReference: {fileID: 0}
    m_RemovedComponents: []
  m_ParentPrefab: {fileID: 100100000, guid: b35aa3ba0f8aa418eb5fc3f774aeb68c, type: 2}
  m_RootGameObject: {fileID: 1425403604}
  m_IsPrefabParent: 0
--- !u!1 &2143336031
GameObject:
  m_ObjectHideFlags: 0
  m_PrefabParentObject: {fileID: 1707158686801028, guid: b35aa3ba0f8aa418eb5fc3f774aeb68c,
    type: 2}
  m_PrefabInternal: {fileID: 920653357}
  serializedVersion: 5
  m_Component:
  - component: {fileID: 2143336034}
  - component: {fileID: 2143336033}
  - component: {fileID: 2143336032}
  m_Layer: 0
  m_Name: cloud_ (2)
  m_TagString: Untagged
  m_Icon: {fileID: 0}
  m_NavMeshLayer: 0
  m_StaticEditorFlags: 0
  m_IsActive: 1
--- !u!61 &2143336032
BoxCollider2D:
  m_ObjectHideFlags: 0
  m_PrefabParentObject: {fileID: 61123216945449482, guid: b35aa3ba0f8aa418eb5fc3f774aeb68c,
    type: 2}
  m_PrefabInternal: {fileID: 920653357}
  m_GameObject: {fileID: 2143336031}
  m_Enabled: 1
  m_Density: 1
  m_Material: {fileID: 0}
  m_IsTrigger: 0
  m_UsedByEffector: 0
  m_Offset: {x: 0.6, y: -0.8}
  serializedVersion: 2
  m_Size: {x: 14.88, y: 3.5}
--- !u!212 &2143336033
SpriteRenderer:
  m_ObjectHideFlags: 0
  m_PrefabParentObject: {fileID: 212682476869471066, guid: b35aa3ba0f8aa418eb5fc3f774aeb68c,
    type: 2}
  m_PrefabInternal: {fileID: 920653357}
  m_GameObject: {fileID: 2143336031}
  m_Enabled: 1
  m_CastShadows: 0
  m_ReceiveShadows: 0
  m_MotionVectors: 1
  m_LightProbeUsage: 0
  m_ReflectionProbeUsage: 0
  m_Materials:
  - {fileID: 10754, guid: 0000000000000000f000000000000000, type: 0}
  m_StaticBatchInfo:
    firstSubMesh: 0
    subMeshCount: 0
  m_StaticBatchRoot: {fileID: 0}
  m_ProbeAnchor: {fileID: 0}
  m_LightProbeVolumeOverride: {fileID: 0}
  m_ScaleInLightmap: 1
  m_PreserveUVs: 0
  m_IgnoreNormalsForChartDetection: 0
  m_ImportantGI: 0
  m_SelectedEditorRenderState: 0
  m_MinimumChartSize: 4
  m_AutoUVMaxDistance: 0.5
  m_AutoUVMaxAngle: 89
  m_LightmapParameters: {fileID: 0}
  m_SortingLayerID: 0
  m_SortingOrder: 2
  m_Sprite: {fileID: 21300000, guid: 4c1a4f4cd448b424d8bae64f35095380, type: 3}
  m_Color: {r: 0.7607844, g: 0.7607844, b: 0.7607844, a: 1}
  m_FlipX: 0
  m_FlipY: 0
--- !u!4 &2143336034
Transform:
  m_ObjectHideFlags: 0
  m_PrefabParentObject: {fileID: 4428249579785420, guid: b35aa3ba0f8aa418eb5fc3f774aeb68c,
    type: 2}
  m_PrefabInternal: {fileID: 920653357}
  m_GameObject: {fileID: 2143336031}
  m_LocalRotation: {x: 0, y: 0, z: 0, w: 1}
  m_LocalPosition: {x: 51.75545, y: -7.905458, z: 0}
  m_LocalScale: {x: 1, y: 1, z: 1}
  m_Children: []
  m_Father: {fileID: 0}
  m_RootOrder: 6
  m_LocalEulerAnglesHint: {x: 0, y: 0, z: 0}
